2378 3840
305 203 385 250 san.
405 203 495 250 mss.
513 204 647 253 xxxvu.
668 202 711 253 10.
730 188 879 272 (ae-58.)
1031 195 1085 253 171

92 358 159 418 niae
183 356 301 416 duorum
324 366 389 417 sunt
410 375 566 434 generum,
594 357 773 417 hirundinum
792 356 911 432 colore,
943 359 1092 419 exaltem

93 448 176 519 parte
192 457 337 518 purpurea
352 449 382 500 at
397 441 452 501 alia
468 443 498 500 in
516 458 641 519 purpura
656 442 746 518 nigris
762 440 1017 519 interpellantibus
1035 459 1091 501 ma·

93 523 175 583 culis.
213 521 354 584 Chelonia
370 524 470 584 oculus
486 532 533 584 est
547 522 662 584 indicae
679 525 851 600 testudinis,
873 524 921 585 vel
937 533 1091 602 portento·

93 607 205 666 sissima
216 605 366 686 Magorum
377 607 541 667 mendaciis.
568 606 655 666 melle
667 609 742 667 enim
758 607 857 667 coluto
869 625 921 666 ore
936 610 1092 686 inpositam

68 689 208 768 alinguae
231 691 391 773 futurorum
412 690 617 750 divinationem
639 700 790 769 praestare
819 692 990 770 promittunt
1012 694 1093 769 quin·

92 774 242 835 tadecuma
253 774 319 834 luna
334 781 364 833 et
381 773 486 833 silente
503 782 566 833 toto
579 773 643 849 die,
660 783 813 834 crescente
827 792 899 835 vero
914 783 981 834 ante
999 782 1093 834 ortum

92 857 183 934 solis,
199 858 308 918 ceteris
319 856 421 916 diebus
433 875 449 916 a
463 859 554 934 prima
568 859 598 916 in
610 866 722 917 sextam
733 856 840 916 horam.
867 856 938 916 Sunt
951 866 981 917 et
992 857 1091 918 eheln-

92 941 198 1001 nitides
214 939 388 999 testudinum
399 940 520 1017 similes,
537 959 575 1000 ex
586 941 689 1017 quibus
703 939 738 1000 ad
749 949 940 1017 tempestates
951 941 1091 1001 sedandas

92 1023 180 1082 multa
200 1024 407 1101 vaticinantur,
430 1040 491 1082 eam
508 1041 580 1084 vero
597 1041 670 1100 quae
687 1025 796 1102 [exiis]
815 1025 912 1083 aureis
932 1027 1022 1101 guttis
1044 1023 1091 1082 ad-

57 1127 83 1168 ιο
93 1123 195 1184 spensa
216 1108 254 1165 sit
275 1124 337 1166 cnm
353 1106 511 1166 scarabaeo
527 1107 668 1166 deiectam
683 1109 712 1166 in
726 1125 828 1185 aquam
842 1107 1005 1166 ferventem
1021 1115 1092 1166 tem·

92 1196 223 1268 pestatcs
234 1206 428 1250 commovere.
455 1187 595 1250 Chloritis
610 1190 748 1250 herbacei
763 1190 872 1251 coloris
888 1199 949 1266 est,
967 1208 1030 1249 eam
1043 1191 1072 1248 in
1085 1200 1135 1254 156

92 1281 196 1333 ventre
210 1273 373 1334 motacillae
391 1274 453 1334 avis
468 1275 592 1334 inveniri
609 1274 707 1334 dicunt
721 1273 799 1352 Magi
813 1276 997 1351 congenitam
1012 1275 1040 1333 ei
1062 1281 1092 1333 et

91 1358 172 1416 ferro
185 1356 290 1417 includi
306 1358 406 1416 iubent
421 1357 455 1416 ad
471 1358 609 1435 quaedam
623 1357 793 1435 prodigiosa
807 1360 896 1417 moris
912 1359 965 1416 sui.
999 1355 1092 1417 Choa-

92 1441 176 1516 spitis
186 1457 201 1497 a
213 1437 327 1497 llnmine
337 1439 412 1499 dicta
422 1447 467 1498 est
477 1458 515 1498 ex
524 1439 607 1498 viridi
617 1438 742 1515 fulgoris
751 1442 840 1499 aurei.
857 1438 1090 1517 chrysolampsis

58 1535 82 1576 m
93 1523 121 1579 in
133 1520 291 1597 Aethiopia
306 1523 449 1598 nascitur,
465 1520 571 1599 pallida
587 1521 656 1580 alias
673 1522 725 1581 sed
740 1530 827 1581 noctu
843 1524 938 1599 ignea.
966 1519 1091 1598 Chryso-

92 1605 137 1681 pis
153 1621 252 1661 aurum
263 1601 378 1662 videtur
389 1622 468 1664 esse.
498 1601 676 1682 Cepionides
692 1607 722 1664 iu
733 1603 860 1665 Aeolide
872 1606 1003 1665 Atarneo
1016 1624 1092 1664 nuno

92 1704 186 1764 pago,
203 1685 344 1764 quondam
361 1686 486 1765 oppido,
504 1695 659 1747 nascuntur
674 1687 770 1747 multis
785 1687 932 1747 coloribus
949 1689 1092 1748 tralucen-

92 1780 155 1846 tes,
173 1769 243 1829 alias
260 1771 389 1846 vitreae,
406 1769 477 1830 alias
495 1769 697 1848 crystallinae,
712 1771 789 1838 ,alias
806 1771 973 1850 iaspideae,
992 1772 1045 1832 sed
1062 1782 1092 1832 et

93 1853 218 1914 sordidis
235 1862 329 1912 tantus
346 1862 391 1912 est
407 1855 484 1912 nitor
499 1863 529 1913 ut
544 1855 684 1930 imagines
701 1853 821 1913 reddant
840 1873 894 1914 ceu
913 1854 1041 1933 specula.

56 1956 83 1997 ao
154 1938 211 2017 (57
215 1938 239 2015 .)
254 1936 413 2015 Daphnean
426 1935 600 1997 Zoroastres
615 1937 724 1997 morbis
746 1938 938 1998 comitialibus
955 1939 1072 1999 demon·
1084 1950 1133 2005 157

93 2029 173 2081 strat.
196 2019 362 2081 Diadnchos
373 2021 488 2081 berullo
501 2020 603 2080 similis
616 2029 671 2080 est.
694 2020 825 2100 Diphyes
837 2020 957 2100 duplex,
972 2022 1091 2084 candida

92 2123 126 2164 ac
144 2105 242 2180 nigra,
266 2124 326 2163 mas
343 2122 377 2164 ac
391 2106 512 2180 lomina,
532 2104 659 2181 genitale
679 2107 829 2182 utriusque
846 2105 1044 2183 distinguente
1059 2106 1091 2165 li-

94 2189 147 2246 nia.
178 2184 334 2260 Dionysias
358 2187 439 2262 nigra
463 2205 496 2246 ao
516 2186 584 2245 dura
603 2189 699 2247 mixtis
724 2189 895 2249 rubentibus
916 2189 1035 2250 maculis
1055 2209 1092 2250 ex

92 2286 165 2346 aqua
185 2269 252 2328 trita
271 2285 406 2346 saporem
420 2269 479 2326 vini
502 2269 570 2328 lacit
592 2277 622 2328 et
643 2271 780 2331 ebrietati
801 2273 944 2332 resistere
967 2281 1090 2351 putatur.

57 2352 257 2411 asDraoonitis
280 2352 344 2410 sive
363 2350 512 2412 dracontia
528 2369 544 2410 e
560 2350 685 2411 cerebro
701 2353 732 2410 irt
747 2352 917 2429 draconum,
942 2355 994 2414 sed
1015 2357 1071 2414 nisi
1084 2366 1135 2420 158

92 2435 257 2511 viventibus
270 2434 387 2494 absciso
399 2435 495 2511 capite
507 2451 566 2492 non
576 2436 746 2510 gemmescit
759 2435 865 2495 invidia
877 2437 1006 2496 animalis
1017 2439 1091 2497 mori

92 2538 126 2579 se
148 2520 313 2578 sentientis.
352 2519 441 2594 igitur
456 2517 664 2577 dormientibus
687 2525 840 2595 amputant.
876 2517 1016 2596 Sotacus,
1044 2523 1091 2597 qui

92 2604 183 2660 visam
213 2619 275 2660 eam
300 2618 441 2677 gemmam
468 2601 523 2660 sibi
546 2599 620 2677 apud
641 2619 743 2676 regem
765 2603 899 2680 scripsit,
925 2603 1001 2679 bigis
1025 2602 1091 2662 vehi

93 2685 261 2761 quaerentis
288 2683 374 2742 tradit
401 2692 431 2744 et
452 2685 515 2743 viso
538 2682 664 2742 dracone
686 2701 827 2761 spargere
854 2688 946 2744 somni
969 2685 1090 2745 medica-s

58 2774 188 2826 tomenta
203 2775 290 2843 atque
305 2768 344 2825 ita
360 2769 465 2845 sepitis
482 2766 664 2846 praecidere.
701 2785 768 2827 esse
791 2767 916 2828 candore
938 2768 1090 2846 tralucido,

94 2867 147 2908 nec
164 2858 269 2926 postea
284 2850 371 2927 poliri
387 2858 435 2909 aut
450 2859 541 2910 artem
556 2850 718 2911 admittere.

156 2933 239 3011 (58.)
256 2931 398 2992 Encardia
416 2936 636 3010 cognominatur
656 2942 685 2994 et
701 2934 789 2993 ariste
810 2935 839 2993 in
862 2937 946 3012 nigro
968 2935 1070 2996 colore
1083 2944 1133 2998 159

94 3015 193 3091 elligie
215 3015 312 3075 cordis
334 3018 498 3093 eminente,
523 3017 615 3076 altera
632 3017 736 3077 eodem
754 3019 870 3077 nomine
889 3019 974 3078 viridi
989 3018 1091 3078 colore

95 3098 191 3157 cordis
211 3101 356 3176 speciem,
382 3101 468 3159 tertia
482 3101 593 3175 nigrum
608 3118 660 3159 cor
677 3100 804 3160 ostendit
825 3100 937 3177 reliqua
958 3103 1001 3160 sui
1027 3118 1092 3160 can-

58 3197 83 3238 as
96 3180 170 3241 dida.
196 3180 340 3242 Enorohis
356 3182 473 3243 candida
486 3190 531 3242 est
542 3182 700 3260 divisisque
711 3183 880 3259 fragmentis
898 3184 1014 3243 testium
1030 3185 1091 3244 elil·

94 3267 172 3343 giem
188 3275 398 3342 repraesentat.
428 3264 598 3325 Erebenum
614 3262 788 3325 Zoroastres
804 3268 967 3344 speciosam
981 3276 1012 3327 et
1026 3285 1091 3327 can·

94 3348 186 3409 didam
207 3347 366 3426 traditque
387 3349 520 3409 aurilices
546 3366 643 3408 aurum
664 3348 784 3427 poliant.
819 3348 976 3426 Erythallis
1007 3361 1133 3416 cum160

93 3434 132 3503 sit
157 3430 293 3509 candida,
318 3431 354 3492 ud
380 3431 582 3493 inclinationes
602 3432 761 3492 rubescere
782 3430 903 3493 videtur.
938 3432 1102 3506 Erotylos,
