<?xml version="1.0" encoding="UTF-8"?>
<!DOCTYPE html PUBLIC "-//W3C//DTD XHTML 1.0 Transitional//EN"
    "http://www.w3.org/TR/xhtml1/DTD/xhtml1-transitional.dtd">
<html xmlns="http://www.w3.org/1999/xhtml" xml:lang="en" lang="en">
 <head>
  <title>
</title>
<meta http-equiv="Content-Type" content="text/html;charset=utf-8" />
  <meta name='ocr-system' content='tesseract 3.04.00' />
  <meta name='ocr-capabilities' content='ocr_page ocr_carea ocr_par ocr_line ocrx_word'/>
</head>
<body>
  <div class='ocr_page' id='page_1' title='image "./cplinisecundina05plingoog_0290.png"; bbox 0 0 2378 3840; ppageno 0'>
   <div class='ocr_carea' id='block_1_1' title="bbox 299 207 1092 300">
    <p class='ocr_par' dir='ltr' id='par_1_1' title="bbox 299 207 1092 300">
     <span class='ocr_line' id='line_1_1' title="bbox 299 207 1092 300; baseline -0.001 -30"><span class='ocrx_word' id='word_1_1' title='bbox 299 224 379 271; x_wconf 76' lang='lat' dir='ltr'>uno.</span> <span class='ocrx_word' id='word_1_2' title='bbox 400 221 490 300; x_wconf 78' lang='grc'>11111.</span> <span class='ocrx_word' id='word_1_3' title='bbox 513 221 649 270; x_wconf 83' lang='lat' dir='ltr'>xxxvn.</span> <span class='ocrx_word' id='word_1_4' title='bbox 671 221 705 272; x_wconf 92' lang='grc'>10</span> <span class='ocrx_word' id='word_1_5' title='bbox 735 207 884 292; x_wconf 77' lang='lat' dir='ltr'>(ca-61.)</span> <span class='ocrx_word' id='word_1_6' title='bbox 1033 209 1092 270; x_wconf 83' lang='lat'>173</span> 
     </span>
    </p>
   </div>
   <div class='ocr_carea' id='block_1_2' title="bbox 55 373 1139 3544">
    <p class='ocr_par' dir='ltr' id='par_1_2' title="bbox 55 373 1139 3544">
     <span class='ocr_line' id='line_1_2' title="bbox 94 373 1094 456; baseline -0.004 -15"><span class='ocrx_word' id='word_1_7' title='bbox 94 379 250 441; x_wconf 89' lang='lat' dir='ltr'>stissimum</span> <span class='ocrx_word' id='word_1_8' title='bbox 259 376 348 436; x_wconf 89' lang='lat' dir='ltr'>inhac</span> <span class='ocrx_word' id='word_1_9' title='bbox 357 394 473 456; x_wconf 90' lang='lat' dir='ltr'>quoque</span> <span class='ocrx_word' id='word_1_10' title='bbox 484 376 648 455; x_wconf 83' lang='lat' dir='ltr'>exemplum</span> <span class='ocrx_word' id='word_1_11' title='bbox 657 384 714 451; x_wconf 92' lang='lat' dir='ltr'>est,</span> <span class='ocrx_word' id='word_1_12' title='bbox 724 376 859 454; x_wconf 86' lang='lat' dir='ltr'>quoniam</span> <span class='ocrx_word' id='word_1_13' title='bbox 869 373 993 436; x_wconf 80' lang='lat' dir='ltr'>admixta</span> <span class='ocrx_word' id='word_1_14' title='bbox 1002 376 1094 438; x_wconf 90' lang='lat' dir='ltr'>herba</span> 
     </span>
     <span class='ocr_line' id='line_1_3' title="bbox 93 459 1095 541; baseline -0.004 -18"><span class='ocrx_word' id='word_1_15' title='bbox 93 462 290 538; x_wconf 73' lang='lat' dir='ltr'><strong>heliotropio,</strong></span> <span class='ocrx_word' id='word_1_16' title='bbox 306 461 475 541; x_wconf 90' lang='lat' dir='ltr'>quibusdam</span> <span class='ocrx_word' id='word_1_17' title='bbox 490 461 594 521; x_wconf 92' lang='lat' dir='ltr'>additis</span> <span class='ocrx_word' id='word_1_18' title='bbox 606 459 842 539; x_wconf 81' lang='lat' dir='ltr'><strong>precationibus,</strong></span> <span class='ocrx_word' id='word_1_19' title='bbox 861 468 1015 537; x_wconf 74' lang='lat' dir='ltr'>gerentem</span> <span class='ocrx_word' id='word_1_20' title='bbox 1026 477 1095 520; x_wconf 88' lang='lat' dir='ltr'>con·</span> 
     </span>
     <span class='ocr_line' id='line_1_4' title="bbox 93 541 1138 625; baseline 0.001 -20"><span class='ocrx_word' id='word_1_21' title='bbox 93 547 167 625; x_wconf 92' lang='lat' dir='ltr'>spici</span> <span class='ocrx_word' id='word_1_22' title='bbox 182 553 300 622; x_wconf 81' lang='lat' dir='ltr'>negent.</span> <span class='ocrx_word' id='word_1_23' title='bbox 328 543 526 622; x_wconf 76' lang='lat' dir='ltr'>hephaestitis</span> <span class='ocrx_word' id='word_1_24' title='bbox 539 561 656 623; x_wconf 87' lang='lat' dir='ltr'>quoque</span> <span class='ocrx_word' id='word_1_25' title='bbox 672 541 784 622; x_wconf 83' lang='lat' dir='ltr'>speculi</span> <span class='ocrx_word' id='word_1_26' title='bbox 801 550 929 604; x_wconf 88' lang='lat' dir='ltr'>naturam</span> <span class='ocrx_word' id='word_1_27' title='bbox 944 543 1033 604; x_wconf 91' lang='lat' dir='ltr'>habet</span> <span class='ocrx_word' id='word_1_28' title='bbox 1048 545 1138 608; x_wconf 82' lang='grc'>11166</span> 
     </span>
     <span class='ocr_line' id='line_1_5' title="bbox 94 627 1094 707; baseline -0.005 -17"><span class='ocrx_word' id='word_1_29' title='bbox 94 627 248 690; x_wconf 83' lang='lat' dir='ltr'>reddendis</span> <span class='ocrx_word' id='word_1_30' title='bbox 269 627 457 705; x_wconf 83' lang='lat' dir='ltr'>imaginibus,</span> <span class='ocrx_word' id='word_1_31' title='bbox 482 645 649 707; x_wconf 88' lang='lat' dir='ltr'>quamquam</span> <span class='ocrx_word' id='word_1_32' title='bbox 663 627 758 686; x_wconf 91' lang='lat' dir='ltr'>rutila.</span> <span class='ocrx_word' id='word_1_33' title='bbox 791 629 1021 704; x_wconf 83' lang='lat' dir='ltr'>experimentum</span> <span class='ocrx_word' id='word_1_34' title='bbox 1037 635 1094 704; x_wconf 91' lang='lat' dir='ltr'>est,</span> 
     </span>
     <span class='ocr_line' id='line_1_6' title="bbox 71 709 1094 791; baseline 0.002 -23"><span class='ocrx_word' id='word_1_35' title='bbox 71 715 119 774; x_wconf 81' lang='lat' dir='ltr'>ssi</span> <span class='ocrx_word' id='word_1_36' title='bbox 135 713 230 772; x_wconf 90' lang='lat' dir='ltr'>statim</span> <span class='ocrx_word' id='word_1_37' title='bbox 253 712 348 772; x_wconf 89' lang='lat' dir='ltr'>addita</span> <span class='ocrx_word' id='word_1_38' title='bbox 370 711 490 771; x_wconf 82' lang='lat' dir='ltr'>fervens</span> <span class='ocrx_word' id='word_1_39' title='bbox 512 729 585 791; x_wconf 87' lang='lat' dir='ltr'>aqua</span> <span class='ocrx_word' id='word_1_40' title='bbox 604 711 779 788; x_wconf 84' lang='lat' dir='ltr'>refrigerata</span> <span class='ocrx_word' id='word_1_41' title='bbox 803 711 841 770; x_wconf 88' lang='lat' dir='ltr'>sit</span> <span class='ocrx_word' id='word_1_42' title='bbox 863 719 912 770; x_wconf 91' lang='lat' dir='ltr'>aut</span> <span class='ocrx_word' id='word_1_43' title='bbox 932 712 957 771; x_wconf 89' lang='lat' dir='ltr'>si</span> <span class='ocrx_word' id='word_1_44' title='bbox 979 711 1008 770; x_wconf 90' lang='lat' dir='ltr'>in</span> <span class='ocrx_word' id='word_1_45' title='bbox 1030 709 1094 770; x_wconf 91' lang='lat' dir='ltr'>sole</span> 
     </span>
     <span class='ocr_line' id='line_1_7' title="bbox 94 793 1095 875; baseline -0.003 -18"><span class='ocrx_word' id='word_1_46' title='bbox 94 796 227 875; x_wconf 90' lang='lat' dir='ltr'>adposita</span> <span class='ocrx_word' id='word_1_47' title='bbox 244 795 351 855; x_wconf 89' lang='lat' dir='ltr'>aridam</span> <span class='ocrx_word' id='word_1_48' title='bbox 370 796 518 855; x_wconf 90' lang='lat' dir='ltr'>materiam</span> <span class='ocrx_word' id='word_1_49' title='bbox 539 795 634 855; x_wconf 91' lang='lat' dir='ltr'>statim</span> <span class='ocrx_word' id='word_1_50' title='bbox 656 795 802 855; x_wconf 90' lang='lat' dir='ltr'>accendat.</span> <span class='ocrx_word' id='word_1_51' title='bbox 840 796 969 855; x_wconf 88' lang='lat' dir='ltr'>nascitur</span> <span class='ocrx_word' id='word_1_52' title='bbox 988 797 1017 854; x_wconf 94' lang='lat' dir='ltr'>in</span> <span class='ocrx_word' id='word_1_53' title='bbox 1040 793 1095 854; x_wconf 84' lang='lat' dir='ltr'>Go-</span> 
     </span>
     <span class='ocr_line' id='line_1_8' title="bbox 94 877 1096 957; baseline -0.003 -17"><span class='ocrx_word' id='word_1_54' title='bbox 94 897 174 957; x_wconf 71' lang='lat' dir='ltr'>rpco.</span> <span class='ocrx_word' id='word_1_55' title='bbox 217 877 324 939; x_wconf 88' lang='lat' dir='ltr'>Hermu</span> <span class='ocrx_word' id='word_1_56' title='bbox 340 878 474 938; x_wconf 79' lang='lat' dir='ltr'>aedoeon</span> <span class='ocrx_word' id='word_1_57' title='bbox 495 897 533 938; x_wconf 84' lang='lat' dir='ltr'>ex</span> <span class='ocrx_word' id='word_1_58' title='bbox 555 887 725 955; x_wconf 83' lang='lat' dir='ltr'>argumento</span> <span class='ocrx_word' id='word_1_59' title='bbox 751 878 897 939; x_wconf 83' lang='lat' dir='ltr'>virilitatis</span> <span class='ocrx_word' id='word_1_60' title='bbox 922 881 952 938; x_wconf 90' lang='lat' dir='ltr'>in</span> <span class='ocrx_word' id='word_1_61' title='bbox 977 878 1096 939; x_wconf 90' lang='lat' dir='ltr'>candida</span> 
     </span>
     <span class='ocr_line' id='line_1_9' title="bbox 93 961 1096 1041; baseline -0.001 -19"><span class='ocrx_word' id='word_1_62' title='bbox 93 980 205 1041; x_wconf 90' lang='lat' dir='ltr'>gemma</span> <span class='ocrx_word' id='word_1_63' title='bbox 219 962 267 1022; x_wconf 90' lang='lat' dir='ltr'>vel</span> <span class='ocrx_word' id='word_1_64' title='bbox 283 964 366 1040; x_wconf 87' lang='lat' dir='ltr'>nigra</span> <span class='ocrx_word' id='word_1_65' title='bbox 380 962 533 1040; x_wconf 86' lang='lat' dir='ltr'>aliquando</span> <span class='ocrx_word' id='word_1_66' title='bbox 548 962 597 1022; x_wconf 87' lang='lat' dir='ltr'>vel</span> <span class='ocrx_word' id='word_1_67' title='bbox 611 961 716 1040; x_wconf 93' lang='lat' dir='ltr'>pallida</span> <span class='ocrx_word' id='word_1_68' title='bbox 731 963 876 1023; x_wconf 80' lang='lat' dir='ltr'>ambiente</span> <span class='ocrx_word' id='word_1_69' title='bbox 892 964 1002 1023; x_wconf 89' lang='lat' dir='ltr'>circulo</span> <span class='ocrx_word' id='word_1_70' title='bbox 1016 963 1096 1022; x_wconf 90' lang='lat' dir='ltr'>colo-</span> 
     </span>
     <span class='ocr_line' id='line_1_10' title="bbox 94 1045 1136 1124; baseline 0.005 -20"><span class='ocrx_word' id='word_1_71' title='bbox 94 1048 135 1105; x_wconf 94' lang='lat' dir='ltr'>ris</span> <span class='ocrx_word' id='word_1_72' title='bbox 153 1047 234 1106; x_wconf 90' lang='lat' dir='ltr'>aurei</span> <span class='ocrx_word' id='word_1_73' title='bbox 250 1045 421 1124; x_wconf 91' lang='lat' dir='ltr'>appellatur.</span> <span class='ocrx_word' id='word_1_74' title='bbox 459 1045 720 1106; x_wconf 76' lang='lat' dir='ltr'>hexecontalithos</span> <span class='ocrx_word' id='word_1_75' title='bbox 736 1047 766 1105; x_wconf 92' lang='lat' dir='ltr'>in</span> <span class='ocrx_word' id='word_1_76' title='bbox 779 1064 868 1124; x_wconf 84' lang='lat' dir='ltr'>parva</span> <span class='ocrx_word' id='word_1_77' title='bbox 882 1045 1077 1124; x_wconf 76' lang='lat' dir='ltr'>magnitudine</span> <span class='ocrx_word' id='word_1_78' title='bbox 1088 1055 1136 1111; x_wconf 89' lang='grc'>167</span> 
     </span>
     <span class='ocr_line' id='line_1_11' title="bbox 62 1128 1095 1208; baseline 0.005 -24"><span class='ocrx_word' id='word_1_79' title='bbox 62 1143 86 1184; x_wconf 89' lang='grc'>10</span> <span class='ocrx_word' id='word_1_80' title='bbox 95 1128 260 1189; x_wconf 87' lang='lat' dir='ltr'>multicolor</span> <span class='ocrx_word' id='word_1_81' title='bbox 283 1129 341 1189; x_wconf 89' lang='lat' dir='ltr'>hoc</span> <span class='ocrx_word' id='word_1_82' title='bbox 359 1129 415 1188; x_wconf 90' lang='lat' dir='ltr'>sibi</span> <span class='ocrx_word' id='word_1_83' title='bbox 438 1147 544 1190; x_wconf 88' lang='lat' dir='ltr'>nomen</span> <span class='ocrx_word' id='word_1_84' title='bbox 564 1129 722 1208; x_wconf 86' lang='lat' dir='ltr'>adoptavit.</span> <span class='ocrx_word' id='word_1_85' title='bbox 764 1130 913 1208; x_wconf 86' lang='lat' dir='ltr'>reperitur</span> <span class='ocrx_word' id='word_1_86' title='bbox 936 1129 1095 1206; x_wconf 60' lang='grc'>11111010-</span> 
     </span>
     <span class='ocr_line' id='line_1_12' title="bbox 95 1210 1095 1293; baseline -0.001 -20"><span class='ocrx_word' id='word_1_87' title='bbox 95 1213 200 1290; x_wconf 74' lang='lat' dir='ltr'>dytice.</span> <span class='ocrx_word' id='word_1_88' title='bbox 230 1210 386 1274; x_wconf 87' lang='lat' dir='ltr'>Hieracitis</span> <span class='ocrx_word' id='word_1_89' title='bbox 402 1212 604 1274; x_wconf 76' lang='lat' dir='ltr'>alternattota</span> <span class='ocrx_word' id='word_1_90' title='bbox 618 1213 742 1273; x_wconf 91' lang='lat' dir='ltr'>milvinis</span> <span class='ocrx_word' id='word_1_91' title='bbox 759 1215 909 1293; x_wconf 84' lang='lat' dir='ltr'>nigrisque</span> <span class='ocrx_word' id='word_1_92' title='bbox 926 1213 1016 1274; x_wconf 82' lang='lat' dir='ltr'>veluti</span> <span class='ocrx_word' id='word_1_93' title='bbox 1034 1214 1095 1293; x_wconf 92' lang='lat' dir='ltr'>plu-</span> 
     </span>
     <span class='ocr_line' id='line_1_13' title="bbox 94 1295 1094 1377; baseline 0 -21"><span class='ocrx_word' id='word_1_94' title='bbox 94 1299 156 1357; x_wconf 92' lang='lat' dir='ltr'>mis.</span> <span class='ocrx_word' id='word_1_95' title='bbox 186 1295 333 1357; x_wconf 86' lang='lat' dir='ltr'>Hammitis</span> <span class='ocrx_word' id='word_1_96' title='bbox 351 1298 414 1356; x_wconf 88' lang='lat' dir='ltr'>ovis</span> <span class='ocrx_word' id='word_1_97' title='bbox 435 1298 556 1377; x_wconf 84' lang='lat' dir='ltr'>piscium</span> <span class='ocrx_word' id='word_1_98' title='bbox 575 1298 677 1357; x_wconf 89' lang='lat' dir='ltr'>similis</span> <span class='ocrx_word' id='word_1_99' title='bbox 693 1305 756 1374; x_wconf 89' lang='lat' dir='ltr'>est,</span> <span class='ocrx_word' id='word_1_100' title='bbox 772 1298 872 1358; x_wconf 90' lang='grc'>011111</span> <span class='ocrx_word' id='word_1_101' title='bbox 888 1297 970 1358; x_wconf 87' lang='lat' dir='ltr'>velut</span> <span class='ocrx_word' id='word_1_102' title='bbox 985 1316 1001 1357; x_wconf 94' lang='lat' dir='ltr'>e</span> <span class='ocrx_word' id='word_1_103' title='bbox 1017 1299 1094 1357; x_wconf 93' lang='lat' dir='ltr'>nitro</span> 
     </span>
     <span class='ocr_line' id='line_1_14' title="bbox 94 1380 1096 1459; baseline 0 -19"><span class='ocrx_word' id='word_1_104' title='bbox 94 1382 264 1458; x_wconf 89' lang='lat' dir='ltr'>conposita,</span> <span class='ocrx_word' id='word_1_105' title='bbox 286 1381 430 1458; x_wconf 90' lang='lat' dir='ltr'>praedura</span> <span class='ocrx_word' id='word_1_106' title='bbox 444 1382 562 1459; x_wconf 87' lang='lat' dir='ltr'>alioqui.</span> <span class='ocrx_word' id='word_1_107' title='bbox 601 1380 765 1441; x_wconf 85' lang='lat' dir='ltr'>Hammonis</span> <span class='ocrx_word' id='word_1_108' title='bbox 787 1399 878 1441; x_wconf 91' lang='lat' dir='ltr'>cornu</span> <span class='ocrx_word' id='word_1_109' title='bbox 900 1382 978 1441; x_wconf 92' lang='lat' dir='ltr'>inter</span> <span class='ocrx_word' id='word_1_110' title='bbox 1000 1399 1096 1440; x_wconf 89' lang='lat' dir='ltr'>sacra·</span> 
     </span>
     <span class='ocr_line' id='line_1_15' title="bbox 94 1462 1096 1542; baseline -0.001 -20"><span class='ocrx_word' id='word_1_111' title='bbox 94 1464 220 1522; x_wconf 91' lang='lat' dir='ltr'>tissimas</span> <span class='ocrx_word' id='word_1_112' title='bbox 241 1462 419 1542; x_wconf 76' lang='lat' dir='ltr'>Aethiopiae</span> <span class='ocrx_word' id='word_1_113' title='bbox 445 1481 534 1522; x_wconf 91' lang='lat' dir='ltr'>aureo</span> <span class='ocrx_word' id='word_1_114' title='bbox 562 1463 664 1522; x_wconf 87' lang='lat' dir='ltr'>colore</span> <span class='ocrx_word' id='word_1_115' title='bbox 693 1464 807 1523; x_wconf 92' lang='lat' dir='ltr'>arietini</span> <span class='ocrx_word' id='word_1_116' title='bbox 836 1480 942 1524; x_wconf 91' lang='lat' dir='ltr'>cornus</span> <span class='ocrx_word' id='word_1_117' title='bbox 967 1464 1096 1541; x_wconf 87' lang='lat' dir='ltr'>elligiem</span> 
     </span>
     <span class='ocr_line' id='line_1_16' title="bbox 60 1545 1139 1624; baseline 0.006 -20"><span class='ocrx_word' id='word_1_118' title='bbox 60 1564 84 1604; x_wconf 81' lang='grc'>11</span> <span class='ocrx_word' id='word_1_119' title='bbox 94 1545 219 1606; x_wconf 89' lang='lat' dir='ltr'>reddens</span> <span class='ocrx_word' id='word_1_120' title='bbox 234 1547 412 1623; x_wconf 89' lang='lat' dir='ltr'>promittitur</span> <span class='ocrx_word' id='word_1_121' title='bbox 427 1547 593 1624; x_wconf 83' lang='lat' dir='ltr'>praedivina</span> <span class='ocrx_word' id='word_1_122' title='bbox 609 1548 719 1606; x_wconf 90' lang='lat' dir='ltr'>somnia</span> <span class='ocrx_word' id='word_1_123' title='bbox 734 1554 969 1624; x_wconf 88' lang='lat' dir='ltr'>repraesentare.</span> <span class='ocrx_word' id='word_1_124' title='bbox 1002 1545 1139 1610; x_wconf 86' lang='grc'>1101-168</span> 
     </span>
     <span class='ocr_line' id='line_1_17' title="bbox 94 1629 1095 1708; baseline 0 -20"><span class='ocrx_word' id='word_1_125' title='bbox 94 1631 216 1689; x_wconf 92' lang='lat' dir='ltr'>miscion</span> <span class='ocrx_word' id='word_1_126' title='bbox 235 1631 313 1689; x_wconf 88' lang='lat' dir='ltr'>inter</span> <span class='ocrx_word' id='word_1_127' title='bbox 326 1631 505 1707; x_wconf 87' lang='lat' dir='ltr'>gratissimas</span> <span class='ocrx_word' id='word_1_128' title='bbox 526 1629 685 1708; x_wconf 85' lang='lat' dir='ltr'>adspicitur</span> <span class='ocrx_word' id='word_1_129' title='bbox 699 1648 738 1689; x_wconf 88' lang='lat' dir='ltr'>ex</span> <span class='ocrx_word' id='word_1_130' title='bbox 754 1632 843 1708; x_wconf 89' lang='lat' dir='ltr'>igneo</span> <span class='ocrx_word' id='word_1_131' title='bbox 861 1629 964 1689; x_wconf 89' lang='lat' dir='ltr'>colore</span> <span class='ocrx_word' id='word_1_132' title='bbox 981 1630 1095 1690; x_wconf 87' lang='lat' dir='ltr'>radians</span> 
     </span>
     <span class='ocr_line' id='line_1_18' title="bbox 95 1712 1095 1791; baseline -0.001 -19"><span class='ocrx_word' id='word_1_133' title='bbox 95 1730 165 1773; x_wconf 90' lang='lat' dir='ltr'>auro</span> <span class='ocrx_word' id='word_1_134' title='bbox 196 1721 331 1791; x_wconf 90' lang='lat' dir='ltr'>portante</span> <span class='ocrx_word' id='word_1_135' title='bbox 363 1731 461 1772; x_wconf 92' lang='lat' dir='ltr'>secum</span> <span class='ocrx_word' id='word_1_136' title='bbox 488 1715 517 1772; x_wconf 93' lang='lat' dir='ltr'>in</span> <span class='ocrx_word' id='word_1_137' title='bbox 548 1712 779 1772; x_wconf 89' lang='lat' dir='ltr'>extremitatibus</span> <span class='ocrx_word' id='word_1_138' title='bbox 814 1712 959 1774; x_wconf 89' lang='lat' dir='ltr'>candidam</span> <span class='ocrx_word' id='word_1_139' title='bbox 991 1713 1095 1774; x_wconf 92' lang='lat' dir='ltr'>lucem.</span> 
     </span>
     <span class='ocr_line' id='line_1_19' title="bbox 94 1795 1096 1872; baseline 0.001 -17"><span class='ocrx_word' id='word_1_140' title='bbox 94 1795 242 1872; x_wconf 77' lang='lat' dir='ltr'>Hyaeniae</span> <span class='ocrx_word' id='word_1_141' title='bbox 263 1815 301 1856; x_wconf 83' lang='lat' dir='ltr'>ex</span> <span class='ocrx_word' id='word_1_142' title='bbox 319 1796 410 1857; x_wconf 92' lang='lat' dir='ltr'>oculis</span> <span class='ocrx_word' id='word_1_143' title='bbox 426 1797 556 1872; x_wconf 84' lang='lat' dir='ltr'>hyaenae</span> <span class='ocrx_word' id='word_1_144' title='bbox 572 1806 603 1856; x_wconf 90' lang='grc'>01</span> <span class='ocrx_word' id='word_1_145' title='bbox 621 1796 658 1857; x_wconf 93' lang='lat' dir='ltr'>ob</span> <span class='ocrx_word' id='word_1_146' title='bbox 680 1795 708 1855; x_wconf 94' lang='lat' dir='ltr'>id</span> <span class='ocrx_word' id='word_1_147' title='bbox 725 1797 843 1856; x_wconf 85' lang='lat' dir='ltr'>inrasae</span> <span class='ocrx_word' id='word_1_148' title='bbox 860 1798 984 1857; x_wconf 84' lang='lat' dir='ltr'>inveniri</span> <span class='ocrx_word' id='word_1_149' title='bbox 999 1797 1096 1856; x_wconf 91' lang='lat' dir='ltr'>dicun·</span> 
     </span>
     <span class='ocr_line' id='line_1_20' title="bbox 95 1879 1096 1959; baseline 0 -21"><span class='ocrx_word' id='word_1_150' title='bbox 95 1889 142 1939; x_wconf 89' lang='lat' dir='ltr'>tur</span> <span class='ocrx_word' id='word_1_151' title='bbox 156 1888 203 1958; x_wconf 91' lang='lat' dir='ltr'>et,</span> <span class='ocrx_word' id='word_1_152' title='bbox 229 1882 253 1940; x_wconf 94' lang='lat' dir='ltr'>si</span> <span class='ocrx_word' id='word_1_153' title='bbox 270 1880 430 1957; x_wconf 87' lang='lat' dir='ltr'>credimus,</span> <span class='ocrx_word' id='word_1_154' title='bbox 451 1880 566 1957; x_wconf 84' lang='lat' dir='ltr'>linguae</span> <span class='ocrx_word' id='word_1_155' title='bbox 585 1880 708 1941; x_wconf 90' lang='lat' dir='ltr'>hominis</span> <span class='ocrx_word' id='word_1_156' title='bbox 725 1879 857 1940; x_wconf 87' lang='lat' dir='ltr'>subditae</span> <span class='ocrx_word' id='word_1_157' title='bbox 874 1881 969 1940; x_wconf 90' lang='lat' dir='ltr'>lutura</span> <span class='ocrx_word' id='word_1_158' title='bbox 986 1882 1096 1959; x_wconf 89' lang='lat' dir='ltr'>praeci·</span> 
     </span>
     <span class='ocr_line' id='line_1_21' title="bbox 59 1962 1138 2044; baseline 0.006 -21"><span class='ocrx_word' id='word_1_159' title='bbox 59 1977 177 2024; x_wconf 75' lang='grc'>1111010.</span> <span class='ocrx_word' id='word_1_160' title='bbox 215 1962 385 2025; x_wconf 89' lang='lat' dir='ltr'>Haematitis</span> <span class='ocrx_word' id='word_1_161' title='bbox 404 1965 434 2024; x_wconf 93' lang='lat' dir='ltr'>in</span> <span class='ocrx_word' id='word_1_162' title='bbox 447 1964 607 2044; x_wconf 81' lang='lat' dir='ltr'>Aethiopia</span> <span class='ocrx_word' id='word_1_163' title='bbox 621 1964 737 2044; x_wconf 90' lang='lat' dir='ltr'>quidem</span> <span class='ocrx_word' id='word_1_164' title='bbox 753 1964 921 2043; x_wconf 90' lang='lat' dir='ltr'>principalis</span> <span class='ocrx_word' id='word_1_165' title='bbox 938 1973 1000 2041; x_wconf 92' lang='lat' dir='ltr'>est,</span> <span class='ocrx_word' id='word_1_166' title='bbox 1022 1962 1076 2024; x_wconf 92' lang='lat' dir='ltr'>sed</span> <span class='ocrx_word' id='word_1_167' title='bbox 1088 1974 1138 2028; x_wconf 83' lang='grc'>169</span> 
     </span>
     <span class='ocr_line' id='line_1_22' title="bbox 95 2047 1096 2126; baseline -0.001 -18"><span class='ocrx_word' id='word_1_168' title='bbox 95 2056 125 2108; x_wconf 86' lang='grc'>01</span> <span class='ocrx_word' id='word_1_169' title='bbox 145 2050 174 2107; x_wconf 91' lang='lat' dir='ltr'>in</span> <span class='ocrx_word' id='word_1_170' title='bbox 188 2048 297 2110; x_wconf 81' lang='lat' dir='ltr'>Arabia</span> <span class='ocrx_word' id='word_1_171' title='bbox 317 2057 348 2109; x_wconf 90' lang='lat' dir='ltr'>et</span> <span class='ocrx_word' id='word_1_172' title='bbox 365 2051 394 2108; x_wconf 89' lang='lat' dir='ltr'>io</span> <span class='ocrx_word' id='word_1_173' title='bbox 412 2049 512 2109; x_wconf 77' lang='lat' dir='ltr'>Africa</span> <span class='ocrx_word' id='word_1_174' title='bbox 528 2051 692 2126; x_wconf 92' lang='lat' dir='ltr'>invenitur,</span> <span class='ocrx_word' id='word_1_175' title='bbox 715 2050 875 2126; x_wconf 85' lang='lat' dir='ltr'>sanguineo</span> <span class='ocrx_word' id='word_1_176' title='bbox 897 2047 1017 2124; x_wconf 88' lang='lat' dir='ltr'>colore,</span> <span class='ocrx_word' id='word_1_177' title='bbox 1038 2065 1096 2107; x_wconf 92' lang='lat' dir='ltr'>non</span> 
     </span>
     <span class='ocr_line' id='line_1_23' title="bbox 89 2131 1094 2212; baseline 0 -22"><span class='ocrx_word' id='word_1_178' title='bbox 89 2131 252 2190; x_wconf 89' lang='lat' dir='ltr'>omittenda</span> <span class='ocrx_word' id='word_1_179' title='bbox 277 2134 430 2210; x_wconf 90' lang='lat' dir='ltr'>promissis</span> <span class='ocrx_word' id='word_1_180' title='bbox 458 2132 492 2191; x_wconf 89' lang='lat' dir='ltr'>ad</span> <span class='ocrx_word' id='word_1_181' title='bbox 518 2133 719 2210; x_wconf 81' lang='lat' dir='ltr'>coarguendas</span> <span class='ocrx_word' id='word_1_182' title='bbox 747 2132 937 2192; x_wconf 89' lang='lat' dir='ltr'>barbarorum</span> <span class='ocrx_word' id='word_1_183' title='bbox 966 2131 1094 2212; x_wconf 85' lang='lat' dir='ltr'>insidias.</span> 
     </span>
     <span class='ocr_line' id='line_1_24' title="bbox 55 2208 1096 2294; baseline 0.002 -22"><span class='ocrx_word' id='word_1_184' title='bbox 55 2208 61 2220; x_wconf 83' lang='lat'><strong>‘</strong></span> <span class='ocrx_word' id='word_1_185' title='bbox 94 2212 243 2273; x_wconf 82' lang='lat' dir='ltr'>Zachalias</span> <span class='ocrx_word' id='word_1_186' title='bbox 263 2213 441 2290; x_wconf 76' lang='lat' dir='ltr'>Babylonius</span> <span class='ocrx_word' id='word_1_187' title='bbox 466 2216 495 2273; x_wconf 93' lang='lat' dir='ltr'>in</span> <span class='ocrx_word' id='word_1_188' title='bbox 520 2215 565 2273; x_wconf 92' lang='lat' dir='ltr'>his</span> <span class='ocrx_word' id='word_1_189' title='bbox 594 2216 678 2275; x_wconf 92' lang='lat' dir='ltr'>libris</span> <span class='ocrx_word' id='word_1_190' title='bbox 699 2233 773 2293; x_wconf 86' lang='lat' dir='ltr'>quos</span> <span class='ocrx_word' id='word_1_191' title='bbox 794 2216 913 2294; x_wconf 86' lang='lat' dir='ltr'>scripsit</span> <span class='ocrx_word' id='word_1_192' title='bbox 937 2216 973 2276; x_wconf 85' lang='lat' dir='ltr'>ad</span> <span class='ocrx_word' id='word_1_193' title='bbox 995 2234 1096 2293; x_wconf 83' lang='lat' dir='ltr'>regern</span> 
     </span>
     <span class='ocr_line' id='line_1_25' title="bbox 94 2294 1096 2375; baseline 0.003 -20"><span class='ocrx_word' id='word_1_194' title='bbox 94 2294 289 2358; x_wconf 84' lang='lat' dir='ltr'>Mithridatem</span> <span class='ocrx_word' id='word_1_195' title='bbox 306 2298 426 2375; x_wconf 89' lang='lat' dir='ltr'>gemmis</span> <span class='ocrx_word' id='word_1_196' title='bbox 441 2296 561 2356; x_wconf 89' lang='lat' dir='ltr'>humana</span> <span class='ocrx_word' id='word_1_197' title='bbox 580 2299 637 2357; x_wconf 90' lang='lat' dir='ltr'>iata</span> <span class='ocrx_word' id='word_1_198' title='bbox 656 2299 818 2358; x_wconf 90' lang='lat' dir='ltr'>attribuens</span> <span class='ocrx_word' id='word_1_199' title='bbox 840 2299 928 2374; x_wconf 92' lang='lat' dir='ltr'>hanc,</span> <span class='ocrx_word' id='word_1_200' title='bbox 954 2316 1096 2359; x_wconf 86' lang='grc'>110110011-</span> 
     </span>
     <span class='ocr_line' id='line_1_26' title="bbox 60 2380 1096 2458; baseline 0.002 -19"><span class='ocrx_word' id='word_1_201' title='bbox 60 2388 192 2440; x_wconf 76' lang='lat' dir='ltr'>utentes</span> <span class='ocrx_word' id='word_1_202' title='bbox 203 2381 352 2442; x_wconf 90' lang='lat' dir='ltr'>oculorum</span> <span class='ocrx_word' id='word_1_203' title='bbox 363 2390 392 2441; x_wconf 93' lang='lat' dir='ltr'>et</span> <span class='ocrx_word' id='word_1_204' title='bbox 404 2382 542 2441; x_wconf 87' lang='lat' dir='ltr'>iocineris</span> <span class='ocrx_word' id='word_1_205' title='bbox 554 2380 695 2441; x_wconf 87' lang='lat' dir='ltr'>medicina</span> <span class='ocrx_word' id='word_1_206' title='bbox 707 2381 881 2458; x_wconf 87' lang='lat' dir='ltr'>decorasse,</span> <span class='ocrx_word' id='word_1_207' title='bbox 896 2398 912 2439; x_wconf 91' lang='lat' dir='ltr'>a</span> <span class='ocrx_word' id='word_1_208' title='bbox 924 2399 997 2458; x_wconf 87' lang='lat' dir='ltr'>rege</span> <span class='ocrx_word' id='word_1_209' title='bbox 1010 2383 1096 2442; x_wconf 89' lang='lat' dir='ltr'>etiam</span> 
     </span>
     <span class='ocr_line' id='line_1_27' title="bbox 96 2463 1096 2545; baseline -0.001 -21"><span class='ocrx_word' id='word_1_210' title='bbox 96 2463 204 2542; x_wconf 88' lang='lat' dir='ltr'>aliquid</span> <span class='ocrx_word' id='word_1_211' title='bbox 215 2467 349 2544; x_wconf 91' lang='lat' dir='ltr'>petituris</span> <span class='ocrx_word' id='word_1_212' title='bbox 365 2464 460 2542; x_wconf 84' lang='lat' dir='ltr'>dedit,</span> <span class='ocrx_word' id='word_1_213' title='bbox 476 2463 595 2524; x_wconf 89' lang='lat' dir='ltr'>eandem</span> <span class='ocrx_word' id='word_1_214' title='bbox 610 2464 709 2524; x_wconf 92' lang='lat' dir='ltr'>litibus</span> <span class='ocrx_word' id='word_1_215' title='bbox 721 2463 894 2542; x_wconf 88' lang='lat' dir='ltr'>iudiciisque</span> <span class='ocrx_word' id='word_1_216' title='bbox 908 2465 1096 2545; x_wconf 85' lang='lat' dir='ltr'>interposuit,</span> 
     </span>
     <span class='ocr_line' id='line_1_28' title="bbox 95 2547 1097 2626; baseline 0.001 -20"><span class='ocrx_word' id='word_1_217' title='bbox 95 2549 124 2607; x_wconf 93' lang='lat' dir='ltr'>in</span> <span class='ocrx_word' id='word_1_218' title='bbox 148 2550 271 2626; x_wconf 93' lang='lat' dir='ltr'>proeliis</span> <span class='ocrx_word' id='word_1_219' title='bbox 287 2551 372 2607; x_wconf 93' lang='lat' dir='ltr'>etiam</span> <span class='ocrx_word' id='word_1_220' title='bbox 392 2565 430 2606; x_wconf 87' lang='grc'>011</span> <span class='ocrx_word' id='word_1_221' title='bbox 446 2565 482 2607; x_wconf 92' lang='grc'>01</span> <span class='ocrx_word' id='word_1_222' title='bbox 498 2548 585 2624; x_wconf 87' lang='lat' dir='ltr'>ungui</span> <span class='ocrx_word' id='word_1_223' title='bbox 603 2547 729 2608; x_wconf 90' lang='lat' dir='ltr'>salutare</span> <span class='ocrx_word' id='word_1_224' title='bbox 751 2548 957 2625; x_wconf 87' lang='lat' dir='ltr'>pronuntiavit.</span> <span class='ocrx_word' id='word_1_225' title='bbox 991 2548 1046 2609; x_wconf 81' lang='lat' dir='ltr'>Est</span> <span class='ocrx_word' id='word_1_226' title='bbox 1067 2557 1097 2608; x_wconf 90' lang='lat' dir='ltr'>et</span> 
     </span>
     <span class='ocr_line' id='line_1_29' title="bbox 96 2630 1095 2710; baseline 0.003 -21"><span class='ocrx_word' id='word_1_227' title='bbox 96 2631 152 2690; x_wconf 94' lang='lat' dir='ltr'>alia</span> <span class='ocrx_word' id='word_1_228' title='bbox 171 2633 299 2692; x_wconf 88' lang='lat' dir='ltr'>eiusdem</span> <span class='ocrx_word' id='word_1_229' title='bbox 314 2631 453 2707; x_wconf 90' lang='lat' dir='ltr'>generis,</span> <span class='ocrx_word' id='word_1_230' title='bbox 470 2648 544 2708; x_wconf 88' lang='lat' dir='ltr'>quae</span> <span class='ocrx_word' id='word_1_231' title='bbox 560 2638 681 2691; x_wconf 84' lang='lat' dir='ltr'>vocatur</span> <span class='ocrx_word' id='word_1_232' title='bbox 697 2632 794 2691; x_wconf 88' lang='lat' dir='ltr'>menni</span> <span class='ocrx_word' id='word_1_233' title='bbox 810 2630 846 2689; x_wconf 91' lang='lat' dir='ltr'>ab</span> <span class='ocrx_word' id='word_1_234' title='bbox 861 2630 956 2710; x_wconf 89' lang='lat' dir='ltr'>ludis,</span> <span class='ocrx_word' id='word_1_235' title='bbox 972 2632 1095 2693; x_wconf 89' lang='lat' dir='ltr'>xanthos</span> 
     </span>
     <span class='ocr_line' id='line_1_30' title="bbox 95 2713 741 2792; baseline 0.005 -20"><span class='ocrx_word' id='word_1_236' title='bbox 95 2747 138 2759; x_wconf 95' lang='lat'>—</span> <span class='ocrx_word' id='word_1_237' title='bbox 155 2715 195 2773; x_wconf 90' lang='lat' dir='ltr'>ita</span> <span class='ocrx_word' id='word_1_238' title='bbox 211 2714 358 2792; x_wconf 90' lang='lat' dir='ltr'>appellant</span> <span class='ocrx_word' id='word_1_239' title='bbox 374 2747 430 2790; x_wconf 90' lang='lat'>-,</span> <span class='ocrx_word' id='word_1_240' title='bbox 449 2733 466 2774; x_wconf 90' lang='grc'>0</span> <span class='ocrx_word' id='word_1_241' title='bbox 482 2713 563 2773; x_wconf 83' lang='lat' dir='ltr'>fulvo</span> <span class='ocrx_word' id='word_1_242' title='bbox 578 2713 741 2775; x_wconf 90' lang='lat' dir='ltr'>candicans.</span> 
     </span>
     <span class='ocr_line' id='line_1_31' title="bbox 61 2796 1139 2876; baseline 0.008 -23"><span class='ocrx_word' id='word_1_243' title='bbox 61 2811 87 2853; x_wconf 89' lang='lat' dir='ltr'>ao</span> <span class='ocrx_word' id='word_1_244' title='bbox 159 2797 240 2875; x_wconf 88' lang='grc'>(61.)</span> <span class='ocrx_word' id='word_1_245' title='bbox 259 2796 338 2857; x_wconf 88' lang='lat' dir='ltr'>idaei</span> <span class='ocrx_word' id='word_1_246' title='bbox 358 2797 462 2874; x_wconf 75' lang='lat' dir='ltr'>dactyli</span> <span class='ocrx_word' id='word_1_247' title='bbox 479 2799 509 2858; x_wconf 91' lang='lat' dir='ltr'>in</span> <span class='ocrx_word' id='word_1_248' title='bbox 525 2796 613 2858; x_wconf 84' lang='lat' dir='ltr'>Creta</span> <span class='ocrx_word' id='word_1_249' title='bbox 631 2798 732 2859; x_wconf 82' lang='lat' dir='ltr'>ferreo</span> <span class='ocrx_word' id='word_1_250' title='bbox 751 2798 854 2859; x_wconf 87' lang='lat' dir='ltr'>colore</span> <span class='ocrx_word' id='word_1_251' title='bbox 869 2798 1008 2876; x_wconf 90' lang='lat' dir='ltr'>pollicem</span> <span class='ocrx_word' id='word_1_252' title='bbox 1023 2799 1072 2858; x_wconf 94' lang='lat' dir='ltr'>hu·</span> <span class='ocrx_word' id='word_1_253' title='bbox 1088 2809 1139 2864; x_wconf 88' lang='grc'>170</span> 
     </span>
     <span class='ocr_line' id='line_1_32' title="bbox 95 2881 1097 2958; baseline 0.004 -20"><span class='ocrx_word' id='word_1_254' title='bbox 95 2896 206 2939; x_wconf 89' lang='lat' dir='ltr'>manum</span> <span class='ocrx_word' id='word_1_255' title='bbox 222 2882 393 2958; x_wconf 84' lang='lat' dir='ltr'>exprimunt.</span> <span class='ocrx_word' id='word_1_256' title='bbox 429 2881 551 2942; x_wconf 85' lang='lat' dir='ltr'>leterius</span> <span class='ocrx_word' id='word_1_257' title='bbox 568 2883 625 2942; x_wconf 92' lang='lat' dir='ltr'>cuti</span> <span class='ocrx_word' id='word_1_258' title='bbox 640 2882 752 2943; x_wconf 89' lang='lat' dir='ltr'>luridae</span> <span class='ocrx_word' id='word_1_259' title='bbox 767 2882 869 2942; x_wconf 91' lang='lat' dir='ltr'>similis</span> <span class='ocrx_word' id='word_1_260' title='bbox 885 2891 914 2941; x_wconf 85' lang='lat' dir='ltr'>et</span> <span class='ocrx_word' id='word_1_261' title='bbox 932 2882 999 2943; x_wconf 92' lang='lat' dir='ltr'>ideo</span> <span class='ocrx_word' id='word_1_262' title='bbox 1022 2881 1097 2941; x_wconf 87' lang='lat' dir='ltr'>saln-</span> 
     </span>
     <span class='ocr_line' id='line_1_33' title="bbox 96 2961 1097 3043; baseline 0.002 -22"><span class='ocrx_word' id='word_1_263' title='bbox 96 2961 158 3022; x_wconf 90' lang='lat' dir='ltr'>bris</span> <span class='ocrx_word' id='word_1_264' title='bbox 181 2964 343 3023; x_wconf 89' lang='lat' dir='ltr'>existimata</span> <span class='ocrx_word' id='word_1_265' title='bbox 367 2972 467 3025; x_wconf 85' lang='lat' dir='ltr'>contra</span> <span class='ocrx_word' id='word_1_266' title='bbox 493 2967 594 3043; x_wconf 91' lang='lat' dir='ltr'>regios</span> <span class='ocrx_word' id='word_1_267' title='bbox 623 2967 751 3027; x_wconf 90' lang='lat' dir='ltr'>morbos.</span> <span class='ocrx_word' id='word_1_268' title='bbox 796 2974 843 3026; x_wconf 90' lang='lat' dir='ltr'>est</span> <span class='ocrx_word' id='word_1_269' title='bbox 864 2975 894 3025; x_wconf 94' lang='grc'>01</span> <span class='ocrx_word' id='word_1_270' title='bbox 915 2967 970 3025; x_wconf 89' lang='grc'>1111</span> <span class='ocrx_word' id='word_1_271' title='bbox 993 2964 1097 3024; x_wconf 91' lang='lat' dir='ltr'>eodem</span> 
     </span>
     <span class='ocr_line' id='line_1_34' title="bbox 97 3046 1095 3127; baseline 0 -21"><span class='ocrx_word' id='word_1_272' title='bbox 97 3046 211 3107; x_wconf 91' lang='lat' dir='ltr'>nomine</span> <span class='ocrx_word' id='word_1_273' title='bbox 225 3046 358 3124; x_wconf 89' lang='lat' dir='ltr'>lividior,</span> <span class='ocrx_word' id='word_1_274' title='bbox 375 3050 463 3107; x_wconf 91' lang='lat' dir='ltr'>tertia</span> <span class='ocrx_word' id='word_1_275' title='bbox 477 3048 549 3108; x_wconf 85' lang='lat' dir='ltr'>lolio</span> <span class='ocrx_word' id='word_1_276' title='bbox 563 3048 675 3127; x_wconf 89' lang='lat' dir='ltr'>similis,</span> <span class='ocrx_word' id='word_1_277' title='bbox 691 3050 839 3127; x_wconf 90' lang='lat' dir='ltr'>prioribus</span> <span class='ocrx_word' id='word_1_278' title='bbox 855 3049 943 3108; x_wconf 91' lang='lat' dir='ltr'>latior</span> <span class='ocrx_word' id='word_1_279' title='bbox 959 3055 989 3109; x_wconf 89' lang='grc'>01</span> <span class='ocrx_word' id='word_1_280' title='bbox 1001 3065 1095 3126; x_wconf 91' lang='lat' dir='ltr'>paene</span> 
     </span>
     <span class='ocr_line' id='line_1_35' title="bbox 97 3130 1096 3210; baseline 0.003 -22"><span class='ocrx_word' id='word_1_281' title='bbox 97 3131 161 3189; x_wconf 90' lang='lat' dir='ltr'>sine</span> <span class='ocrx_word' id='word_1_282' title='bbox 176 3130 325 3208; x_wconf 89' lang='lat' dir='ltr'>pondere,</span> <span class='ocrx_word' id='word_1_283' title='bbox 341 3133 424 3190; x_wconf 83' lang='lat' dir='ltr'>venis</span> <span class='ocrx_word' id='word_1_284' title='bbox 440 3131 558 3206; x_wconf 90' lang='lat' dir='ltr'>luridis,</span> <span class='ocrx_word' id='word_1_285' title='bbox 577 3138 707 3209; x_wconf 87' lang='lat' dir='ltr'>quartum</span> <span class='ocrx_word' id='word_1_286' title='bbox 722 3151 815 3210; x_wconf 87' lang='lat' dir='ltr'>genus</span> <span class='ocrx_word' id='word_1_287' title='bbox 827 3133 857 3191; x_wconf 93' lang='lat' dir='ltr'>in</span> <span class='ocrx_word' id='word_1_288' title='bbox 872 3131 976 3191; x_wconf 91' lang='lat' dir='ltr'>eodem</span> <span class='ocrx_word' id='word_1_289' title='bbox 994 3130 1096 3191; x_wconf 88' lang='lat' dir='ltr'>colore</span> 
     </span>
     <span class='ocr_line' id='line_1_36' title="bbox 62 3213 1096 3292; baseline 0.002 -19"><span class='ocrx_word' id='word_1_290' title='bbox 62 3213 227 3290; x_wconf 84' lang='lat' dir='ltr'>atnigriore</span> <span class='ocrx_word' id='word_1_291' title='bbox 245 3214 345 3273; x_wconf 90' lang='lat' dir='ltr'>luridis</span> <span class='ocrx_word' id='word_1_292' title='bbox 366 3215 449 3274; x_wconf 89' lang='lat' dir='ltr'>venis</span> <span class='ocrx_word' id='word_1_293' title='bbox 466 3213 702 3274; x_wconf 87' lang='lat' dir='ltr'>discurrentibus.</span> <span class='ocrx_word' id='word_1_294' title='bbox 740 3215 820 3275; x_wconf 80' lang='lat' dir='ltr'>lovis</span> <span class='ocrx_word' id='word_1_295' title='bbox 843 3232 956 3292; x_wconf 88' lang='lat' dir='ltr'>gemma</span> <span class='ocrx_word' id='word_1_296' title='bbox 977 3214 1096 3275; x_wconf 90' lang='lat' dir='ltr'>candida</span> 
     </span>
     <span class='ocr_line' id='line_1_37' title="bbox 98 3297 1095 3378; baseline -0.001 -21"><span class='ocrx_word' id='word_1_297' title='bbox 98 3304 160 3373; x_wconf 90' lang='lat' dir='ltr'>est,</span> <span class='ocrx_word' id='word_1_298' title='bbox 176 3313 234 3356; x_wconf 94' lang='lat' dir='ltr'>non</span> <span class='ocrx_word' id='word_1_299' title='bbox 249 3297 434 3376; x_wconf 88' lang='lat' dir='ltr'>ponderosa,</span> <span class='ocrx_word' id='word_1_300' title='bbox 459 3306 568 3358; x_wconf 90' lang='lat' dir='ltr'>tenera.</span> <span class='ocrx_word' id='word_1_301' title='bbox 599 3297 672 3357; x_wconf 91' lang='lat' dir='ltr'>hanc</span> <span class='ocrx_word' id='word_1_302' title='bbox 687 3306 717 3358; x_wconf 89' lang='lat' dir='ltr'>et</span> <span class='ocrx_word' id='word_1_303' title='bbox 737 3298 922 3358; x_wconf 91' lang='lat' dir='ltr'>drosolithon</span> <span class='ocrx_word' id='word_1_304' title='bbox 939 3298 1095 3378; x_wconf 87' lang='lat' dir='ltr'>appellant.</span> 
     </span>
     <span class='ocr_line' id='line_1_38' title="bbox 96 3379 1096 3461; baseline 0.002 -22"><span class='ocrx_word' id='word_1_305' title='bbox 96 3379 193 3440; x_wconf 88' lang='lat' dir='ltr'>ludica</span> <span class='ocrx_word' id='word_1_306' title='bbox 209 3382 338 3458; x_wconf 86' lang='lat' dir='ltr'>gentium</span> <span class='ocrx_word' id='word_1_307' title='bbox 350 3399 465 3441; x_wconf 91' lang='lat' dir='ltr'>suarum</span> <span class='ocrx_word' id='word_1_308' title='bbox 480 3381 568 3442; x_wconf 91' lang='lat' dir='ltr'>habet</span> <span class='ocrx_word' id='word_1_309' title='bbox 581 3399 705 3459; x_wconf 91' lang='lat' dir='ltr'>nomen,</span> <span class='ocrx_word' id='word_1_310' title='bbox 722 3381 842 3442; x_wconf 83' lang='lat' dir='ltr'>subrufo</span> <span class='ocrx_word' id='word_1_311' title='bbox 859 3382 978 3461; x_wconf 89' lang='lat' dir='ltr'>colora,</span> <span class='ocrx_word' id='word_1_312' title='bbox 996 3383 1050 3443; x_wconf 91' lang='lat' dir='ltr'>sed</span> <span class='ocrx_word' id='word_1_313' title='bbox 1067 3385 1096 3441; x_wconf 93' lang='lat' dir='ltr'>in</span> 
     </span>
     <span class='ocr_line' id='line_1_39' title="bbox 97 3465 1119 3544; baseline -0.007 -22"><span class='ocrx_word' id='word_1_314' title='bbox 97 3466 195 3524; x_wconf 88' lang='lat' dir='ltr'>attritu</span> <span class='ocrx_word' id='word_1_315' title='bbox 211 3482 359 3544; x_wconf 86' lang='lat' dir='ltr'>purpureo</span> <span class='ocrx_word' id='word_1_316' title='bbox 376 3465 484 3526; x_wconf 89' lang='lat' dir='ltr'>sudore</span> <span class='ocrx_word' id='word_1_317' title='bbox 499 3475 600 3526; x_wconf 88' lang='lat' dir='ltr'>manat.</span> <span class='ocrx_word' id='word_1_318' title='bbox 638 3466 693 3526; x_wconf 93' lang='lat' dir='ltr'>alia</span> <span class='ocrx_word' id='word_1_319' title='bbox 710 3465 816 3527; x_wconf 88' lang='lat' dir='ltr'>eodem</span> <span class='ocrx_word' id='word_1_320' title='bbox 829 3468 954 3526; x_wconf 77' lang='lat' dir='ltr'>nomine</span> <span class='ocrx_word' id='word_1_321' title='bbox 970 3465 1119 3528; x_wconf 58' lang='lat' dir='ltr'>seembs,</span> 
     </span>
    </p>
   </div>
   <div class='ocr_carea' id='block_1_3' title="bbox 0 0 1194 3840">
    <p class='ocr_par' dir='ltr' id='par_1_3' title="bbox 0 0 1194 3840">
     <span class='ocr_line' id='line_1_40' title="bbox 0 0 1194 3840; baseline 0 1"><span class='ocrx_word' id='word_1_322' title='bbox 0 0 1194 3840; x_wconf 95' lang='lat' dir='ltr'> </span> 
     </span>
    </p>
   </div>
  </div>
 </body>
</html>
