2378 3840
263 200 344 248 unu.
363 197 454 247 uras.
472 198 609 245 xxxnn.
628 194 744 248 14-16.
763 181 912 266 (41-47.)
1047 184 1084 246 61

89 357 136 417 los
158 357 205 433 qui
231 355 335 414 reiecti
357 355 414 412 sint
436 350 572 428 robigine
594 351 724 410 infestari
754 351 920 410 carentibus
948 368 982 411 ca
1010 353 1087 427 prio-

90 440 180 500 ribus.

151 522 229 600 (44.)
245 519 387 580 Medicina
400 539 417 579 e
430 520 510 578 10000
522 527 568 579 est
583 527 612 577 et
630 517 685 577 alia
702 533 785 594 quam
797 517 923 577 secandi.
945 536 1067 596 namque
1081 528 1130 582 151

91 617 120 667 01
137 604 333 665 circumscribi
356 603 465 662 circulo
489 611 572 661 terve
596 601 763 660 circumlato
785 618 924 660 mucrone
941 611 969 661 et
984 599 1087 660 adultis

67 699 121 753 set
142 688 298 749 infantibus
315 687 438 764 prodest
454 694 554 745 contra
577 685 664 744 noxia
686 684 911 760 medicamenta,
936 693 966 743 et
985 684 1088 761 praeii-

89 775 170 832 xisse
189 774 218 831 in
234 771 331 830 limine
349 770 467 830 evolsos
484 768 647 848 sepulchris
663 768 762 827 clavos
779 767 919 827 adversus
935 776 1089 827 nocturnas

90 856 314 934 lymphationes,
326 855 475 931 pungique
489 852 594 911 leviter
608 869 746 911 mucrone
760 868 817 929 quo
830 869 987 928 percussus
1002 850 1088 911 homo

90 942 128 997 sit
143 947 245 997 contra
261 937 380 996 dolores
397 935 519 994 laterum
535 943 745 1013 pectorumque
761 934 874 994 subitos
893 937 940 1011 qui
957 936 1088 1012 punctio·

91 1039 157 1079 nem
168 1021 307 1079 adierant.
331 1018 468 1094 quaedam
485 1020 601 1077 ustione
615 1024 761 1094 sanantur,
776 1019 908 1095 privatim
922 1035 995 1077 vero
1011 1018 1089 1076 oanis

58 1102 181 1168 rorabidi
198 1119 329 1177 morsus,
346 1102 454 1178 quippe
472 1102 558 1160 etiam
572 1101 760 1180 praevalente
777 1101 880 1161 morbo
897 1108 1090 1180 expaventes·

90 1205 146 1264 que
163 1193 263 1265 potum
280 1193 342 1244 usta
358 1185 444 1263 plaga
457 1185 525 1245 ilico
544 1185 711 1245 liberantur.
739 1185 815 1245 calfit
831 1188 916 1244 etiam
927 1187 1007 1244 ferro
1024 1202 1089 1243 can·

90 1270 177 1331 dente
194 1286 266 1347 aqua
283 1270 312 1327 iu
330 1269 427 1328 maltis
446 1270 541 1346 vitiis,
558 1271 691 1347 privatim
706 1287 778 1330 uero
796 1269 997 1345 dysentericis.

152 1355 233 1434 (45.)
256 1351 310 1411 Est
333 1362 363 1412 et
387 1353 493 1430 robigo
515 1354 579 1431 ipsa
600 1355 629 1411 in
651 1354 802 1430 remediis,
826 1361 855 1412 et
879 1354 1132 1432 01000011100152

92 1436 253 1515 Telephum
269 1454 389 1495 sanasse
402 1436 544 1512 Achilles,
558 1438 621 1495 sive
636 1436 665 1495 id
682 1455 770 1496 aerea
785 1439 847 1495 sive
860 1437 958 1495 lerrea
970 1437 1089 1514 cuspide

56 1547 80 1585 15
90 1520 169 1579 iecit.
200 1522 240 1577 ita
258 1527 339 1577 certe
355 1520 483 1595 pingitur
498 1536 535 1577 ex
552 1536 586 1577 ea
606 1519 756 1578 decutiens
771 1518 878 1595 gladio.
909 1519 962 1578 sed
983 1520 1089 1595 robigo

90 1603 161 1662 ferri
177 1601 323 1661 deraditur
344 1601 440 1659 umido
454 1601 535 1659 ferro
554 1600 643 1660 clavis
660 1601 822 1660 veteribus.
856 1599 990 1661 Potentia
1006 1604 1070 1662 eius
1083 1612 1134 1667 153

91 1687 202 1761 ligare,
218 1686 344 1760 siccare,
360 1685 485 1760 sistere,
501 1683 633 1744 emendat
648 1683 795 1761 alopecias
811 1683 901 1743 inlita.
933 1693 1049 1745 utuntur
1061 1695 1091 1746 01

92 1770 127 1828 ad
150 1768 301 1829 scabritias
318 1785 457 1844 genarum
478 1768 653 1845 pusulasque
676 1769 764 1826 totius
786 1769 920 1845 corporis
944 1788 1006 1827 cum
1022 1787 1090 1828 cera

93 1861 122 1912 et
137 1861 250 1928 myrteo
268 1851 353 1927 oleo,
370 1851 405 1910 ad
421 1852 496 1928 ignis
512 1869 585 1911 vero
603 1869 702 1911 sacros
719 1870 758 1910 ex
775 1859 875 1927 aceto,
891 1852 961 1911 item
978 1853 1013 1911 ad
1028 1870 1090 1911 sca-

55 1963 80 2003 20
91 1937 179 2013 biem,
197 1936 372 2015 paronychia
387 1936 542 2012 digitorum
558 1944 588 1995 et
603 1937 738 2014 pterygia
753 1936 782 1995 in
796 1935 936 1995 linteolis.
968 1937 1043 1995 sistit
1060 1944 1090 1995 et

90 2023 259 2080 feminarum
278 2018 421 2098 profluvia
442 2022 568 2099 inposita
591 2020 768 2098 velleribus,
794 2019 889 2098 plagis
908 2036 1023 2098 quoque
1045 2038 1090 2079 re-

91 2104 223 2163 centibus
245 2105 314 2162 0100
338 2103 426 2162 diluta
449 2112 478 2162 et
500 2122 562 2162 oum
577 2122 672 2164 murra
688 2104 806 2164 subacta
822 2104 1030 2180 condylomatis
1053 2122 1091 2163 ex

92 2195 186 2245 aceto.
216 2187 359 2263 podagras
377 2202 493 2262 quoque
508 2187 588 2245 inlita
605 2187 692 2246 lenita

154 2268 238 2346 (46.)
268 2266 389 2343 Squama
404 2284 520 2344 quoque
539 2269 610 2327 lerri
629 2271 658 2328 in
677 2289 729 2329 usu
745 2280 791 2330 ost
809 2290 846 2330 ex
867 2273 929 2330 acie
945 2279 992 2330 aut
1011 2289 1069 2329 mu·
1083 2279 1134 2334 154

57 2376 82 2417 25
93 2351 241 2427 cronibus,
263 2367 392 2408 maxume
412 2350 497 2408 simili
512 2351 564 2409 sed
581 2353 695 2411 acriore
712 2355 739 2411 vi
757 2371 839 2430 quam
857 2353 975 2429 robigo,
996 2371 1090 2430 quam·

93 2435 194 2495 obrem
213 2443 243 2495 et
261 2442 362 2494 contra
381 2432 537 2512 epiphoras
562 2433 712 2494 oculorum
726 2436 890 2495 adsumitur.
922 2437 1090 2512 sanguinem

93 2521 186 2595 sistit,
215 2537 277 2578 oum
298 2518 419 2578 volnera
444 2518 525 2577 ferro
548 2534 677 2577 maxume
698 2519 774 2577 liant.
816 2520 892 2577 sistit
920 2527 950 2578 et
972 2519 1090 2578 femina·

94 2619 154 2661 rum
170 2603 322 2678 prolluria.
357 2603 505 2680 inponitur
520 2610 550 2663 ct
567 2609 668 2661 contra
684 2602 800 2661 lienium
817 2603 897 2678 vitia,
914 2610 943 2661 et
958 2603 1089 2661 haemor-

94 2684 210 2742 rhoidas
233 2687 385 2762 conpescit
405 2686 592 2765 ulcerumque
616 2687 773 2764 serpentia.
811 2694 841 2745 et
862 2687 947 2762 genis
969 2685 1090 2764 prodest

59 2793 84 2834 30
93 2768 203 2826 farinae
214 2767 300 2827 modo
313 2768 451 2845 adspersa
463 2771 631 2848 paullisper.
652 2771 808 2849 praecipua
819 2778 914 2830 tamen
928 2787 1071 2829 commen·
1082 2779 1133 2834 155

95 2849 172 2909 datio
194 2852 256 2909 eius
272 2852 300 2909 in
313 2851 545 2930 hygremplastro
565 2854 600 2914 ad
616 2852 762 2932 purganda
780 2853 901 2914 volnera
922 2853 1089 2931 fistulasque

95 2942 125 2992 et
144 2950 256 2992 omnem
274 2934 375 2993 callum
388 2936 563 2996 erodendum
578 2945 608 2996 et
623 2939 696 2997 rasis
717 2937 831 2997 ossibus
847 2940 940 2998 carnis
957 2956 1090 2997 recrean-

95 3017 160 3076 das„
179 3018 353 3096 conponitur
368 3019 424 3078 hoc
439 3019 540 3079 modo:
556 3022 638 3099 panis
651 3020 731 3080 oboli
749 3039 819 3097 sex,
835 3018 975 3081 Cimoliae
991 3029 1090 3081 cretae

96 3099 246 3161 drachmae
270 3119 340 3178 sex,
371 3104 447 3162 aeris
471 3106 546 3162 tunsi
571 3103 720 3164 drachmae
744 3105 834 3181 duae,
862 3122 996 3182 squamae
1017 3105 1088 3164 10001

61 3213 86 3254 ,ὅ
94 3183 232 3261 totidem,
253 3204 339 3246 cerae
364 3205 433 3263 sex,
455 3187 513 3248 olei
538 3190 690 3248 sextarius.
727 3189 772 3249 his
788 3189 926 3266 adicitur,
948 3206 1011 3248 cum
1025 3195 1091 3248 sunt

42 3310 46 3317 ,
96 3270 279 3347 repurganda
293 3269 414 3330 volnera
431 3280 478 3330 aut
494 3273 650 3350 replenda,
666 3281 801 3332 ceratum.

161 3354 198 3414 16
230 3354 311 3433 (47.)
335 3352 472 3432 Sequitur
495 3365 596 3417 natura
617 3357 741 3436 plumbi,
762 3359 843 3417 cuius
869 3356 924 3417 duo
948 3375 1069 3434 genera,
1081 3366 1133 3421 156

96 3435 208 3513 nigrum
237 3448 323 3517 atque
354 3439 510 3501 candidum.
554 3443 795 3520 protiosissimum
824 3441 880 3502 hoo
908 3441 1102 3520 (0001140011,
