2378 3840
118 195 176 256 142
463 205 493 254 c.
509 204 771 277 Puruusuounnr

115 359 302 437 luserunt,
331 359 396 420 bac
417 360 536 420 iurari
564 360 727 438 potione.
765 361 832 437 quin
855 368 885 418 et
907 361 1115 422 carbunculum

71 463 105 505 rr,
124 461 238 520 egenus
260 443 371 519 morbi,
395 460 452 520 qno
469 443 542 502 duos
565 442 726 503 consularis
741 459 834 520 nuper
852 443 1020 524 absumptos
1039 446 1115 506 indi-

113 529 258 603 cavimus,
284 544 429 605 querneus
447 526 535 589 carbo
562 528 646 586 tritus
668 543 731 585 cum
754 525 842 586 melle
863 536 952 588 sanat.
992 529 1066 590 adeo
1083 531 1115 589 in

113 609 202 671 rebus
218 611 356 670 damnatis
373 626 489 686 quoque
513 627 547 668 ac
569 618 625 668 tam
640 608 725 668 nullis
748 617 813 669 sunt
832 610 926 689 aliqua
949 613 1112 692 commoda,

113 702 143 753 ut
158 694 284 753 carbone
302 711 372 752 ecoe
386 701 473 771 atque
487 694 597 752 cinere.
1125 695 1139 733 ὁ

71 787 123 840 204
196 777 277 855 (70.)
297 775 364 835 Non
383 776 552 853 praeteribo
572 784 602 835 et
617 792 701 835 unum
717 775 775 834 ioci
792 777 955 855 exemplum
970 778 1109 840 Romanis

112 860 218 920 litteris
239 861 361 920 clarum:
384 856 539 936 Tarquinio
561 858 662 918 Prisco
682 867 824 935 regnante
849 860 963 921 tradunt
983 871 1110 940 repente

113 945 143 1003 in
162 944 230 1003 loco
252 945 315 1003 eius
338 943 528 1019 conparuisse
549 940 679 1018 genitale
701 961 718 1001 e
740 943 840 1002 cinere
865 943 984 1003 maseuli
1019 962 1109 1005 sexus

114 1044 234 1104 eamque
251 1044 325 1104 quae
340 1024 490 1085 insederat
500 1026 540 1085 ibi
554 1023 718 1102 Tanaquilis
736 1025 857 1102 reginae
872 1026 1003 1086 ancillam
1019 1026 1111 1087 Ocre-

114 1112 185 1170 siam
203 1111 346 1188 captiuam
362 1110 585 1169 consurrexisse
600 1107 755 1185 grauidam.
786 1110 825 1167 ita
841 1108 972 1170 Servium
986 1107 1111 1170 Tullium
1121 1110 1146 1153 ¹⁰

114 1202 209 1252 natum
224 1195 272 1269 qui
288 1194 381 1268 regno
400 1193 561 1268 suecessit,
580 1191 647 1251 inde
662 1199 691 1250 et
706 1193 736 1250 in
748 1193 830 1269 regia
846 1193 961 1253 cubanti
978 1195 1005 1254 ei
1017 1211 1112 1271 puero

115 1285 200 1352 eaput
219 1278 328 1334 arsisse
344 1272 541 1351 creditumque
558 1274 627 1334 laris
645 1273 794 1334 familiaris
810 1275 907 1336 filium.
933 1277 969 1337 ob
985 1276 1013 1335 id
1026 1273 1112 1334 Gom·

113 1357 212 1436 pitalia
230 1357 313 1418 ludos
331 1356 442 1416 laribus
459 1358 579 1434 primum
593 1357 765 1417 instituisse.

492 1663 693 1674 ......--—-—-

369 1913 404 1997 G.
430 1912 561 1994 Pbllll
588 1910 789 1994 tunultu

229 2079 577 2174 urrunrurs
613 2041 959 2177 ursuourlu
1034 2138 1036 2143 -

408 2259 569 2324 LIBER
596 2259 778 2326 XXXVII.

517 2418 667 2427 ..-—---

86 2541 99 2592 1
177 2529 271 2608 (Sect.
292 2530 333 2616 1.)
357 2531 397 2591 Ut
420 2534 490 2595 nibil
508 2536 640 2594 instituto
659 2531 742 2608 operi
766 2528 840 2587 desit
861 2545 991 2606 gemmae
1010 2545 1113 2608 super·

113 2621 222 2673 suntet
236 2616 265 2673 in
281 2625 373 2676 artum
389 2626 490 2678 coacta
502 2634 599 2678 rerum
612 2624 731 2676 naturae
746 2611 900 2689 maiestas,
919 2611 1015 2672 multis
1034 2613 1112 2674 nulla

113 2698 157 2756 sui
180 2706 263 2774 parte
284 2698 455 2761 mirabilior.
492 2709 599 2760 tantum
621 2696 748 2756 tribuunt
770 2696 920 2773 varietati,
950 2695 1112 2773 coloribus,

112 2781 269 2856 materiae,
285 2781 403 2860 decori,
428 2782 531 2842 violari
557 2782 641 2841 etiam
658 2778 767 2856 signis,
793 2797 866 2858 qnae
884 2793 970 2840 causa
986 2797 1111 2857 gemma-
1122 2783 1150 2823 ³⁰

113 2878 175 2920 rum
191 2870 253 2938 est,
271 2865 406 2939 quasdam
422 2866 503 2925 nefas
521 2863 682 2939 ducentes,
703 2861 813 2940 aliquas
828 2881 901 2923 vero
917 2872 999 2923 extra
1016 2866 1111 2942 pretia

113 2944 172 3003 ulla
187 2947 422 3023 taxationemque
439 2947 620 3007 humanarum
643 2963 728 3025 opum
747 2947 939 3024 arbitrantes,
961 2955 991 3006 ut
1007 2946 1111 3027 pleris-

113 3046 170 3105 que
192 3028 226 3088 ad
248 3045 382 3088 summam
403 3029 622 3108 absolutamque
644 3038 763 3090 naturae
779 3048 875 3090 rerum
891 3030 1112 3109 contemplatio-

85 3121 181 3173 anem
206 3113 276 3173 satis
299 3113 337 3172 sit
364 3131 418 3172 una
445 3112 539 3191 aliqua
560 3132 682 3192 gemma.
719 3111 801 3185 Quae
826 3114 915 3175 inerit
939 3117 1025 3192 origo
1048 3122 1111 3173 eta

74 3215 134 3255 rac
158 3197 260 3274 quibus
278 3197 368 3257 initiis
383 3198 413 3257 in
429 3205 534 3257 tautum
552 3197 701 3259 admiratio
716 3197 789 3259 baec
805 3199 967 3276 exarserit,
989 3198 1111 3257 diximus
1120 3195 1148 3236 ’ὃ

115 3281 321 3358 quadamtenus
343 3283 373 3342 in
397 3281 545 3342 mentione
569 3283 631 3343 auri
655 3281 869 3361 anulorumque.
913 3281 1027 3342 fabulae
1053 3281 1111 3357 pri·

115 3364 255 3424 mordium
268 3381 285 3423 a
300 3381 373 3442 rupc
388 3363 535 3425 Caucasea
550 3366 676 3442 tradunt,
688 3365 855 3427 Promethei
871 3365 1047 3427 vinculorum
1069 3362 1110 3419 in·
1135 3403 1138 3408 -

105 3450 327 3522 terpretatione
349 3448 432 3512 fatali
438 3492 449 3530 ,
472 3449 653 3530 primumque
678 3450 740 3511 saxi
766 3451 828 3511 eius
859 3450 1048 3526 fragmentum
1069 3444 1110 3503 in-
