2378 3840
139 173 178 256 68
479 205 508 252 c.
532 204 629 251 enrru
650 203 800 252 succum

139 364 265 423 oratoris
281 361 440 438 indignatio
456 377 530 437 quae
546 359 696 437 prohibuit
710 359 800 417 inseri
816 360 897 436 genti
915 378 985 420 suae
996 359 1140 419 Laevino-

137 464 197 506 rum
213 445 334 504 alienam
348 446 510 521 imaginem.
536 443 639 502 similis
655 460 741 502 causa
753 440 898 503 Messalae
912 446 974 503 seni
988 444 1138 521 expressit

88 582 90 588 .
136 531 281 589 volumina
302 528 350 587 illa
370 546 444 606 quae
462 526 499 586 de
516 527 631 587 iamiliis
647 525 789 601 condidit,
817 543 881 585 cum
895 525 1040 606 Scipionis
1055 526 1138 586 Pom·

136 615 252 692 poniaui
269 614 423 672 transisset
437 612 539 671 atrium
549 611 732 688 vidissetque
745 609 906 688 adoptione
921 613 1139 672 testamentaria

136 697 307 757 Saluittonis
330 731 372 741 -
388 697 445 756 hoc
466 695 542 755 enim
568 695 663 754 luerat
691 710 913 771 cognomen-
933 695 1162 755 Africanorums

136 781 274 841 dedecori
293 782 477 859 inrepenteln
484 778 651 857 Scipionum
664 779 779 837 nomini.
794 777 857 854 sed,
869 778 1138 855 pacelllessalarum

136 866 248 924 dixisse
265 865 369 941 liceat,
387 866 472 924 etiam
490 863 605 923 mentiri
622 862 766 922 clarorum
786 862 927 939 imagines
949 871 1013 923 erat
1033 862 1137 940 aliquis

136 951 274 1008 virtutum
289 967 380 1026 amor,
396 947 545 1025 multoque
557 946 709 1006 honestius
721 963 804 1025 quam
816 948 924 1006 mereri
939 966 976 1006 ne
991 947 1056 1025 quis
1070 964 1137 1007 suas

108 1041 307 1112 oexpete'ret.
337 1032 404 1093 Non
427 1040 473 1092 est
495 1029 738 1110 praetereundum
759 1037 790 1089 et
813 1032 957 1090 novicium
976 1032 1137 1106 inventum,

137 1117 278 1195 siquidem
290 1134 365 1176 nunc
377 1135 416 1176 ex
430 1133 501 1175 auro
516 1122 678 1190 argentove
693 1122 741 1172 aut
753 1123 835 1174 certe
850 1132 888 1173 ex
902 1132 972 1174 aere
986 1115 1015 1173 in
1031 1113 1173 1174 biblio-1⁰

137 1202 231 1260 thecis
247 1200 378 1259 dicantur
388 1199 447 1257 illis
463 1215 584 1274 quorum
599 1197 768 1257 inmortales
783 1199 895 1258 animae
912 1200 941 1258 in
956 1198 1029 1259 locis
1045 1197 1144 1258 isdem

139 1285 290 1358 locuntur,
305 1283 472 1359 quinimmo
489 1282 575 1339 etiam
591 1298 665 1358 quae
681 1298 739 1339 non
754 1289 819 1340 sunt
835 1282 998 1359 linguntur,
1012 1282 1137 1359 pariunt-

139 1385 195 1445 que
211 1365 357 1426 desideria
373 1382 430 1425 non
446 1363 569 1424 traditos
584 1363 692 1442 voltus,
705 1365 780 1423 sicut
795 1367 824 1424 in
835 1364 963 1426 Homero
983 1366 1011 1425 id
1028 1367 1135 1425 evenit.

95 1466 130 1519 10
145 1468 202 1530 quo
219 1451 325 1526 maius,
342 1457 373 1509 ut
385 1447 521 1527 equidem
535 1447 678 1526 arbitror,
695 1447 801 1507 nullum
817 1457 864 1510 cst
878 1449 1028 1510 felicitatis
1043 1450 1137 1527 speci-

138 1553 203 1595 men
226 1551 310 1611 quam
332 1551 450 1612 semper
471 1533 563 1592 omnis
581 1535 657 1592 scire
679 1549 789 1610 cupere
805 1533 897 1611 qualis
913 1534 1002 1594 inerit
1022 1533 1135 1611 aliquis.
1147 1548 1172 1589 tt

137 1619 221 1678 Asini
232 1616 363 1678 Potionis
379 1617 436 1677 hoc
447 1616 558 1676 Romae
572 1619 730 1694 inventum,
745 1619 792 1695 qui
808 1619 916 1696 primus
929 1617 1136 1678 bibliothecam

137 1701 258 1762 dicando
281 1703 397 1778 ingenia
426 1700 570 1759 hominum
591 1718 652 1760 rern
675 1699 817 1778 publicam
842 1702 921 1762 iecit.
959 1719 995 1761 an
1016 1702 1135 1780 priores

136 1787 289 1863 coeperint
305 1784 509 1844 Alexandreae
532 1792 562 1845 et
583 1783 716 1861 Pergami
738 1803 846 1864 reges,
869 1786 916 1863 qui
940 1785 1135 1846 bibliothecas

95 1883 124 1935 ll
143 1887 247 1946 magno
265 1871 423 1929 certamine
441 1869 613 1943 instituere,
635 1885 693 1926 non
713 1868 799 1928 facile
815 1868 945 1930 dixerim.
982 1870 1136 1947 imaginum

137 1971 264 2014 amorem
280 1952 421 2029 flagrasse
437 1952 580 2029 quondam
595 1959 688 2010 testes
704 1959 769 2010 sunt
784 1951 899 2012 Atticus
913 1953 964 2014 ille
982 1951 1134 2014 Ciceronis
1146 1967 1172 2010 ac

138 2034 1135 2114 editodeiisvolumineetll.Varrobenignissimoinvento,insertis

136 2121 311 2180 voluminum
329 2135 446 2178 suorum
458 2117 627 2179 fecunditati
641 2121 894 2197 septingentorum
907 2121 1070 2181 inlustrium
1083 2120 1135 2180 ali·

137 2221 194 2281 quo
216 2201 302 2261 modo
324 2203 515 2280 imaginibus,
544 2220 602 2262 non
625 2221 729 2282 passus
750 2203 928 2265 intercidere
950 2205 1058 2282 figuras
1086 2212 1135 2264 aut

136 2294 311 2346 vetustatem
337 2288 401 2346 aevi
428 2295 528 2346 contra
553 2286 685 2347 homines
706 2286 823 2364 valere,
849 2289 985 2349 inventor
1007 2289 1134 2347 muneris

137 2373 223 2431 etiam
238 2370 281 2430 dis
296 2369 450 2449 invidiosi,
471 2371 584 2448 quando
606 2371 840 2431 inmortalitatem
861 2389 919 2432 non
934 2370 1027 2431 solum
1044 2372 1135 2448 dedit,
1145 2389 1171 2430 aa

136 2473 237 2514 verum
250 2456 335 2514 ctiam
347 2456 376 2514 in
392 2457 483 2515 omnis
499 2464 593 2515 terras
607 2457 695 2531 misit,
711 2463 741 2513 ut
756 2465 928 2533 praesentes
944 2474 1012 2516 esse
1025 2454 1135 2533 ubique

137 2558 190 2599 ceu
210 2541 237 2599 di
255 2547 386 2617 possent.

94 2634 128 2688 12
201 2623 228 2683 3.
245 2622 307 2702 (3.)
325 2621 362 2681 Et
377 2623 434 2684 hoc
448 2622 564 2701 quidem
581 2622 683 2682 alienis
704 2621 755 2681 ille
772 2624 928 2699 praestitit.
964 2639 1065 2682 verum
1084 2622 1135 2681 cli-

137 2725 211 2785 peos
224 2708 253 2764 in
271 2723 355 2766 sacro
372 2707 420 2766 vel
436 2706 553 2785 publico
571 2703 667 2764 dicare
680 2706 812 2783 privatim
828 2708 937 2785 primus
953 2707 1087 2782 institnit,
1104 2714 1135 2765 ut

136 2791 268 2866 reperio,
280 2788 394 2865 Appius
408 2787 554 2865 Claudius,
567 2790 615 2865 qui
631 2788 732 2848 consul
744 2807 807 2848 cum
814 2789 844 2850 P.
854 2789 981 2850 Servilio
992 2790 1047 2849 luit
1059 2807 1134 2848 anno
1146 2817 1172 2858 30

138 2871 218 2930 urbis
240 2867 363 2930 GCLIX.
396 2874 495 2950 posuit
516 2873 592 2931 enim
614 2874 643 2930 in
658 2871 799 2933 Bellonae
820 2873 893 2934 aede
909 2871 1037 2934 maiores
1052 2890 1134 2949 snos,

137 2955 303 3031 placuitque
335 2955 363 3012 in
394 2955 515 3015 excelso
543 2958 669 3033 spectari
700 2965 729 3016 et
759 2956 860 3017 titulos
889 2957 1032 3017 honorum
1061 2956 1134 3033 legi,

137 3038 243 3098 decora
266 3056 334 3114 res,
359 3039 458 3116 utique
476 3040 500 3097 si
515 3039 647 3117 liberum
669 3039 752 3101 turba
774 3041 946 3120 imaginibus
967 3060 1022 3101 ceu
1039 3039 1135 3099 nidum

137 3123 261 3200 aliquem
282 3121 395 3181 subolis
417 3124 528 3201 pariter
553 3123 704 3201 ostendat,
729 3125 822 3202 qualis
843 3125 956 3205 clipeos
972 3141 1057 3186 nemo
1076 3140 1135 3183 non

96 3217 129 3271 13
143 3206 272 3284 gaudens
294 3207 454 3284 favensque
480 3207 611 3285 adspicit.
649 3209 710 3288 (4.)
734 3208 806 3268 Post
836 3228 900 3270 eum
929 3208 967 3268 bl.
989 3207 1171 3269 Aemiliusaa

137 3291 251 3368 collega
267 3291 296 3350 in
313 3291 463 3350 consulatu
480 3287 578 3362 Quinti
594 3290 687 3352 Lutati
709 3295 812 3352 nonin
834 3293 954 3353 basilica
972 3293 1058 3353 modo
1075 3292 1136 3350 Ae·

136 3373 213 3433 milia
229 3392 329 3435 verum
344 3384 374 3434 et
386 3375 461 3434 domi
479 3393 549 3434 suae
565 3378 679 3453 posuit,
695 3376 723 3436 id
740 3394 856 3455 quoque
869 3376 974 3437 llartio
987 3375 1134 3454 exemplo.

124 3459 223 3514 scutis
241 3459 335 3536 enim,
359 3458 494 3537 qualibus
517 3458 591 3540 apud
608 3459 723 3519 Troiam
744 3471 899 3538 pugnatum
918 3471 980 3538 est,
1004 3461 1137 3521 contine·
