2378 3840
121 179 179 242 118
454 192 483 240 c.
502 191 599 239 rursu
617 192 767 240 sacuam

116 362 206 406 anuos
232 345 413 406 adservatam
445 364 500 424 qua
521 343 608 406 Gaius
631 344 739 406 Caesar
761 349 960 426 inportaverat
981 350 1114 410 omuibus

116 446 190 509 quae
206 447 335 508 umquam
353 431 382 488 in
405 432 476 489 mari
491 431 554 489 visa
570 439 636 490 sunt
651 431 875 507 mirabiliorem,
899 434 927 491 in
950 434 1013 510 ipsa
1030 436 1115 493 turri·

116 513 170 574 bus
184 512 314 573 Puteolis
331 533 347 573 e
363 513 486 591 pulvere
503 513 716 592 exaedificatis,
739 516 906 593 perductam
922 515 1031 577 Ostiam
1046 534 1114 594 por—

115 605 161 657 tus
176 599 270 675 gratia
289 599 402 658 mersit.
431 597 486 656 alia
503 616 541 657 ex
557 598 613 658 hoc
628 617 696 658 cura
714 601 826 658 navium
841 618 914 678 quae
930 599 1030 660 Tiberi
1047 600 1114 660 sub-

114 681 239 758 vehant,
269 698 326 759 quo
349 683 552 760 experimento
577 684 668 760 patuit
696 701 754 742 non
776 686 868 743 minus
890 702 1026 763 aquarum
1047 683 1135 747 buics

72 773 101 827 71
118 767 192 824 amni
216 784 284 824 esse
307 783 389 843 quam
408 765 484 825 Nilo.
531 766 574 843 [5]
599 765 627 826 ls
651 774 746 826 autem
762 767 909 827 obeliscus
927 785 1013 845 quern
1029 767 1112 828 divos

115 848 264 926 Augustus
279 850 308 908 in
332 851 410 909 circo
427 867 531 927 magno
548 851 648 909 statuit
664 852 780 910 excisus
798 858 844 911 est
864 870 968 928 aroge
983 850 1113 911 Psemet-

114 933 336 1010 nepserphreo,
365 951 422 1011 quo
452 942 595 1011 regnante
617 933 797 1012 Pythagoras
829 937 857 994 in
883 933 1022 1012 Aegypto
1048 935 1113 1011 luit,

113 1014 249 1075 LXXXV
264 1016 368 1096 pedum
386 1027 416 1076 et
432 1017 580 1077 dodrantis
603 1026 722 1095 praeter
742 1020 833 1079 basim
852 1019 982 1079 eiusdem
997 1018 1112 1096 lapidis,

114 1101 139 1159 is
154 1118 227 1160 vero
242 1119 327 1178 quem
342 1103 371 1159 in
387 1119 487 1179 campo
498 1099 619 1177 Martio,
635 1120 740 1162 novem
755 1102 878 1180 pedibus
894 1105 1006 1180 minor,
1030 1121 1046 1162 a
1061 1102 1113 1163 Se·
1124 1121 1149 1162 1o

114 1184 239 1243 sothide.
270 1186 401 1261 inscripti
417 1185 501 1244 ambo
518 1203 614 1244 rerum
631 1194 749 1246 naturae
766 1188 1038 1264 interpretationem
1054 1187 1113 1247 Ae·

113 1269 279 1344 gyptiorum
298 1267 483 1345 philosophia
497 1270 654 1328 continent.

71 1357 105 1414 ta
183 1351 229 1410 10.
252 1352 335 1430 (15.)
348 1351 390 1430 [6]
406 1350 441 1410 Εἰ
458 1353 506 1430 qui
522 1360 568 1411 est
583 1353 613 1410 iu
632 1370 732 1432 campo
745 1352 828 1413 divos
840 1353 991 1432 Augustus
1006 1353 1114 1412 addidit

113 1435 273 1494 mirabilem
288 1454 369 1496 usum
385 1435 419 1495 ad
436 1435 655 1513 deprendendas
672 1437 743 1497 solis
760 1436 874 1497 umbras
896 1438 1062 1515 dierumque
1080 1454 1113 1496 ac

114 1520 240 1578 noctium
267 1521 307 1580 ita
333 1520 561 1597 magnitudines,
588 1528 679 1581 strato
707 1520 804 1599 lapide
831 1522 866 1582 ad
888 1519 1113 1598 magnitudinem
1123 1540 1147 1580 rs

115 1603 238 1663 obelisci
261 1606 305 1662 cui
328 1621 380 1681 par
401 1605 486 1664 lieret
508 1604 608 1668 umbra
632 1603 750 1665 brumae
772 1607 925 1666 conlectae
941 1604 1008 1682 die,
1028 1612 1112 1664 sexta

113 1683 196 1764 bora,
215 1687 420 1766 paullatimque
436 1705 489 1766 per
506 1687 642 1765 regulas,
659 1699 813 1766 quaesunt
830 1709 868 1750 ex
883 1708 953 1751 aare
970 1687 1111 1763 inclusae,

113 1771 235 1849 singulis
264 1771 367 1833 diebus
400 1771 589 1831 decresceret
618 1791 651 1832 ac
677 1791 777 1833 rursus
805 1780 997 1851 augesceret,
1025 1770 1112 1849 digna

113 1858 321 1933 cognitores,
350 1857 468 1932 ingenio
491 1855 617 1916 Facundi
638 1855 714 1915 Novi
737 1857 938 1917 mathematici.
987 1858 1013 1916 is
1035 1857 1109 1934 apici

114 1948 240 1999 auratam
255 1940 342 2018 pilam
360 1939 467 1998 addidit
481 1941 562 1997 euius
577 1940 689 1999 vertice
708 1940 807 2000 umbra
828 1941 1019 2018 colligeretur
1032 1942 1062 1998 in
1078 1957 1110 1999 se
1120 1961 1146 2001 ao

113 2024 222 2102 ipsam,
239 2025 309 2083 alias
324 2024 483 2082 enormiter
498 2021 641 2082 iaculante
656 2024 756 2102 apice,
772 2026 902 2102 ratione,
919 2033 950 2084 ut
963 2026 1078 2099 lerunt,
1095 2040 1111 2082 a

71 2116 105 2171 73
117 2109 211 2185 capite
227 2108 351 2167 hominis
369 2105 526 2165 intellecta.
562 2106 635 2166 haec
650 2107 819 2169 observatio
838 2110 956 2186 triginta
975 2111 1031 2168 iam
1045 2107 1110 2166 fere

113 2193 194 2250 annis
210 2209 268 2251 non
285 2191 438 2267 congruit,
459 2191 521 2250 sive
546 2189 618 2250 solis
642 2192 733 2270 ipsius
751 2193 870 2254 dissono
891 2211 976 2252 cursu
991 2201 1021 2252 et
1036 2189 1110 2250 caeli

113 2274 207 2353 aliqua
230 2277 343 2334 ratione
365 2281 491 2352 mutato,
525 2276 589 2335 sive
609 2278 746 2338 universa
768 2276 873 2337 tellure
896 2294 912 2335 a
932 2285 1033 2337 centro
1056 2289 1109 2333 suo

113 2358 221 2438 aliquid
243 2367 356 2437 emota,
379 2368 411 2418 ut
433 2358 612 2437 deprehendi
628 2369 659 2421 et
677 2363 707 2421 in
729 2361 791 2421 aliis
807 2359 881 2419 locis
897 2360 1025 2434 accipio,
1046 2359 1145 2416 siveas

114 2444 194 2503 urbis
220 2445 395 2504 tremoribus
416 2444 456 2502 ibi
485 2451 593 2503 tantum
621 2461 767 2520 gnomone
790 2445 917 2515 intorto,
943 2443 1006 2500 sive
1030 2443 1112 2499 inun-

114 2525 278 2588 dationibus
292 2527 407 2588 'liberis
423 2526 585 2587 sedimento
601 2526 685 2586 molis
700 2526 797 2600 facto,
813 2540 981 2601 quamquam
997 2521 1032 2581 ad
1047 2523 1111 2582 alti·

114 2611 242 2671 tudinem
260 2613 380 2690 inpositi
404 2613 502 2670 oneris
522 2612 551 2668 in
567 2618 672 2668 terram
687 2624 803 2686 quoque
821 2605 953 2665 dicuntur
969 2614 1032 2666 acta
1047 2607 1110 2667 lun·

114 2694 254 2754 damenta.

70 2788 105 2843 ta
182 2781 230 2838 11.
245 2779 287 2856 [71
299 2776 413 2836 Tertius
427 2786 472 2836 est
480 2775 592 2835 Romae
605 2772 770 2834 inVaticaui
779 2772 830 2834 Gai
847 2782 877 2834 et
888 2773 1015 2838 Neronis
1032 2775 1110 2853 prin·
1120 2787 1145 2830 ao

113 2861 207 2936 cipum
222 2863 301 2919 circo
316 2878 412 2919 -ex
428 2858 559 2918 omnibus
577 2875 648 2917 unus
665 2859 779 2918 omnino
795 2859 903 2919 fractus
920 2866 967 2918 est
982 2858 1012 2918 in
1027 2858 1110 2918 moli·

114 2945 195 3003 tione
210 2975 252 2986 -
273 2957 359 3020 quern
381 2943 494 3002 fecerat
509 2940 672 3002 Sesothidis
689 2941 764 3001 lilius
776 2941 957 3002 Nencoreus.
978 2942 1109 3002 eiusdem

112 3035 243 3087 remanet
274 3035 304 3086 et
325 3025 398 3084 alius
424 3033 539 3084 centum
560 3026 722 3085 cubitorum
742 3044 827 3104 quem
850 3035 918 3105 post
938 3028 1109 3087 caecitatem

112 3114 177 3172 visu
192 3110 307 3171 reddito
323 3128 361 3170 ex
376 3108 493 3169 oraculo
510 3109 572 3170 Soli
588 3110 720 3170 sacravit.

70 3206 104 3262 75
177 3195 224 3256 12.
238 3195 320 3274 (16.)
331 3193 468 3254 Dicentur
481 3193 577 3254 obiter
590 3202 619 3254 et
628 3193 791 3272 pyramides
803 3195 833 3252 iu
845 3193 945 3254 eadem
956 3192 1107 3270 Aegypto,
1118 3207 1143 3248 ss

112 3299 214 3359 regum
229 3280 371 3358 pecuniae
387 3278 481 3338 otiosa
503 3294 536 3338 ac
559 3276 646 3337 stulta
662 3279 836 3355 ostentatio,
858 3279 965 3357 quippe
991 3290 1053 3336 cum
1067 3275 1108 3334 fa-

113 3363 208 3424 ciendi
225 3382 274 3424 eas
289 3381 379 3424 causa
395 3361 574 3441 aplerisque
590 3361 718 3421 tradatur
735 3380 772 3421 ue
790 3363 941 3440 pecuniam
956 3375 1107 3419 successo·

94 3446 185 3503 tibus
195 3456 249 3506 aut
262 3447 389 3510 aemulis
402 3445 606 3509 insidiantibus
621 3446 799 3525 praeberent
813 3452 861 3504 aut
876 3462 913 3504 ne
925 3441 1009 3521 plebs
1026 3451 1108 3503 esset
