2378 3840
133 178 173 241 32
478 190 618 238 oneum
634 189 785 238 suenum

133 345 252 423 proprie
268 343 351 403 limus
372 351 425 402 εει.
465 352 610 422 optumum
633 361 728 404 exeo
750 343 826 422 quod
848 344 975 405 Atticum
998 354 1131 424 vocatur,

133 429 257 506 pretium
272 431 301 486 in
319 426 416 504 pondo
434 426 523 487 libras
539 426 567 486 X
583 441 627 506 11,
644 445 814 506 proxumum
828 445 1035 487 marmorosum
1051 429 1133 490 dimi·

91 524 141 577 159
153 512 201 571 dio
219 510 309 569 Attici
331 512 439 588 pretio.
480 512 596 570 tertium
619 529 711 589 genus
734 519 780 570 est
801 529 949 588 pressum,
980 512 1057 588 quod
1081 514 1130 574 alii

133 594 280 671 Scyricum
292 601 407 669 vocant,
420 593 562 653 aninsula
574 594 678 671 Scyro,
691 599 788 652 iamet
801 594 965 670 ardebam,
978 614 1035 673 quo
1047 605 1131 656 rutun-

133 688 178 737 tur
197 678 231 737 ad
249 679 379 755 picturae
398 677 530 754 umbras,
553 679 678 755 pretium
696 679 725 736 in
745 677 833 736 libras
849 677 905 735 HS.
922 677 1000 754 bini,
1021 679 1152 758 dupons

132 762 186 821 diis
202 779 275 820 vero
288 760 425 820 detractis
437 760 515 838 quod
527 761 651 820 lucidum
665 768 769 820 vocant
785 780 801 820 e
817 758 908 820 Gallia
924 764 1056 821 veniens.
1073 763 1130 824 hoc

131 853 225 903 autem
242 852 271 903 et
286 844 385 903 Attico
402 844 437 903 ad
452 844 557 903 lumina
572 852 705 921 utuntur,
728 844 763 903 ad
781 845 888 903 abacos
904 863 962 904 non
983 847 1038 904 nisi
1056 864 1129 906 mar·

131 945 270 1004 moroso,
293 929 426 1005 quoniam
446 946 570 988 marmor
590 929 619 987 in
644 946 680 988 eo
702 927 815 988 resistit
833 928 1011 987 amaritudini
1030 931 1127 990 calcis.

132 1010 268 1070 effoditur
280 1020 310 1071 ει
325 1009 360 1070 ad
371 1010 434 1070 XX.
448 1011 483 1070 ab
499 1012 572 1071 urbe
588 1011 713 1091 lapidem
727 1014 756 1070 in
771 1011 929 1072 montibus.
954 1022 1058 1089 postea
1071 1016 1128 1072 uri·

131 1103 176 1152 tur
200 1112 334 1172 pressum
354 1094 567 1172 appellantibus
590 1097 638 1173 qui
659 1095 832 1155 adulterant.
873 1093 925 1154 sed
943 1113 1011 1155 esse
1025 1095 1163 1158 ialsumro

131 1186 322 1255 exustumque
345 1177 532 1236 amaritudine
561 1178 681 1255 adparet
705 1187 734 1238 ει
757 1181 891 1255 quoniam
913 1179 1073 1238 resolutum
1097 1182 1127 1238 in

90 1270 141 1323 160
152 1259 304 1337 pulverem
326 1267 382 1319 εει.
421 1258 481 1318 Sile
505 1261 630 1338 pingere
657 1263 811 1321 instituere
839 1263 922 1339 primi
945 1261 1127 1338 Polygnotus
1172 1292 1176 1299 .

132 1351 161 1401 ει
174 1341 287 1420 lllicon,
308 1342 408 1402 Attico
430 1341 582 1402 dumtaxat.
619 1354 719 1404 secuta
734 1353 814 1404 aetas
832 1345 888 1404 hoc
906 1344 940 1403 ad
955 1345 1058 1403 lumina
1075 1365 1126 1404 usa

130 1433 193 1502 εει,
215 1427 250 1486 ad
269 1426 384 1485 umbras
406 1435 500 1486 autem
521 1425 641 1501 Scyrico
660 1437 690 1487 et
708 1427 811 1504 Lydio.
845 1427 964 1504 Lydium
987 1427 1125 1488 Sardibus

130 1510 296 1586 emebatur,
311 1510 388 1586 quod
403 1529 476 1569 nunc
493 1510 643 1570 obmutuit.
974 1533 976 1538 ·
1138 1537 1161 1576 ιε

88 1604 136 1657 161
216 1594 263 1654 13.
289 1592 368 1672 (57.)
399 1590 571 1654 Caeruleum
596 1594 703 1654 harena
725 1603 781 1656 est.
818 1595 901 1654 buius
931 1612 1042 1670 genera
1071 1597 1126 1653 tria

128 1677 212 1735 luere
228 1677 401 1754 antiquitus:
426 1677 605 1755 Aegyptium
622 1696 752 1738 maxume
770 1678 939 1756 probatum,
961 1676 1125 1754 Scytbicum

128 1793 171 1803 -
185 1759 240 1818 hoc
256 1759 372 1819 diluitur
390 1760 475 1819 facilc
496 1770 543 1836 et,
562 1779 624 1819 cum
640 1764 761 1839 teritur,
784 1763 813 1820 in
831 1760 886 1820 llll
902 1761 1019 1820 colores
1037 1770 1125 1820 muta·

46 1882 50 1892 ·
130 1851 192 1920 tur,
208 1843 402 1903 candidiorem
417 1846 612 1921 nigrioremve
625 1853 655 1904 et
668 1846 842 1904 crassiorem
857 1847 1057 1904 tenuioremve
1071 1879 1124 1921 -‚

129 1928 293 2004 praefertur
308 1927 374 1985 huic
392 1928 553 1986 etiamnunc
569 1925 716 2004 Cyprium.
738 1930 862 1988 accessit
875 1928 920 1988 his
936 1927 1124 1987 Puteolanum
1133 1949 1158 1989 ao

130 2018 159 2069 ει
177 2008 387 2086 Hispaniense,
407 2008 515 2068 harena
537 2010 577 2068 ibi
593 2013 696 2070 confici
720 2020 834 2090 coepta.
873 2012 1011 2088 tinguitur
1028 2018 1124 2069 autem

130 2110 213 2150 omne
230 2101 259 2150 et
276 2094 306 2150 in
321 2110 372 2150 sua
387 2094 521 2169 coquitur
537 2094 629 2153 herba
643 2095 776 2173 bibitque
792 2112 910 2155 sucum„
927 2093 1039 2171 reliqua
1055 2111 1124 2152 con-

87 2184 137 2237 162
149 2175 259 2233 lectura
275 2175 375 2234 eadem
391 2194 465 2253 quae
481 2175 692 2253 chrysocollae.
725 2178 770 2238 Ex
784 2177 919 2238 cacruleo
935 2177 966 2235 fit
982 2176 1058 2254 quod
1073 2195 1123 2236 vo·

129 2267 209 2317 catur
229 2257 401 2334 lomentum,
422 2260 573 2337 perficitur
590 2261 618 2320 id
634 2262 754 2322 lavando
775 2262 966 2339 terendoque.
1002 2260 1058 2319 hoc
1076 2270 1122 2319 est

128 2341 265 2401 caeruleo
287 2342 443 2404 candidius.
479 2345 573 2421 pretia
595 2346 658 2405 eius
677 2344 706 2404 X
721 2360 745 2405 x
764 2347 794 2404 in
816 2345 923 2421 libras,
947 2344 1072 2403 caerulei
1095 2342 1158 2402 Xas

128 2439 201 2485 vm.
230 2444 298 2484 usus
316 2427 458 2502 increta,
479 2427 566 2486 caleis
586 2430 739 2506 inpatiens.
770 2446 862 2504 nuper
877 2429 1002 2484 accessit
1020 2436 1049 2484 et
1063 2426 1122 2485 Ve-

128 2511 284 2568 storianum
300 2509 336 2568 ab
354 2519 472 2569 auctore
487 2511 672 2589 appellatum.
709 2512 740 2569 lit
762 2529 800 2569 ex
816 2509 956 2586 Aegyptii
973 2509 1122 2569 levissima

128 2601 229 2670 parte,
253 2594 377 2669 pretium
401 2595 463 2653 eius
478 2596 508 2653 in
523 2594 611 2654 libras
627 2595 655 2654 X
670 2609 692 2654 1.
731 2593 807 2652 idem
825 2601 854 2652 et
870 2591 1021 2651 Puteolani
1039 2612 1121 2669 usus,

87 2687 137 2740 163
149 2684 325 2753 praeterque
349 2678 383 2735 ad
412 2678 573 2754 fenestras,
601 2678 687 2753 cylon
709 2685 823 2737 vocant.
855 2674 920 2735 Noo
942 2675 1054 2753 pridem
1074 2676 1122 2735 ad·

128 2760 238 2835 portari
256 2767 285 2817 et
300 2757 426 2817 Indicum
442 2769 579 2838 coeptum
597 2771 661 2837 est,
677 2763 757 2822 cuius
773 2762 897 2838 pretium
912 2759 1014 2819 Xv11.
1046 2761 1157 2823 reticeo

126 2842 287 2916 inpletura
310 2839 345 2898 ad
371 2842 528 2919 incisuras,
551 2844 608 2903 boc
629 2854 675 2904 εει
696 2845 809 2904 umbras
832 2843 998 2903 dividendas
1019 2843 1054 2901 ab
1080 2843 1122 2901 lu·

126 2925 213 2983 mine.
244 2921 298 2980 Est
313 2931 343 2982 et
361 2923 529 2984 vilissimum
544 2945 636 3003 genus
653 2928 784 3004 lomenti,
801 2926 879 3007 quod
894 2928 990 2986 tritum
1004 2934 1121 3002 vocant,

127 3007 220 3084 quinis
244 3005 357 3064 assibus
379 3010 569 3070 aestimatum.
606 3008 740 3072 Caerulei
761 3013 868 3071 sinceri
894 3011 1122 3088 experimentum

125 3092 155 3149 in
172 3091 299 3149 carbone
316 3097 347 3148 ut
371 3087 487 3167 flagret,
507 3093 586 3153 fraus
608 3095 686 3154 viola
709 3095 787 3154 arida
805 3095 926 3154 decocta
942 3095 971 3152 in
987 3110 1059 3171 aqua
1074 3111 1120 3151 su·

126 3192 220 3253 coque
241 3191 295 3251 per
313 3172 432 3231 linteum
449 3193 592 3253 expresso
606 3179 636 3236 in
650 3187 758 3238 cretam
772 3177 927 3238 Eretriam.
960 3179 1004 3236 vis
1020 3178 1049 3236 in
1063 3193 1154 3242 mre-35

126 3258 219 3318 dicina
234 3265 265 3315 ut
281 3265 386 3335 purget
404 3257 509 3318 ulcera.
545 3263 643 3339 itaque
660 3271 689 3322 et
707 3262 871 3339 emplastris
887 3261 1027 3336 adiciunt,
1049 3261 1119 3318 item

85 3350 135 3403 164
146 3342 290 3401 causticis.
323 3342 426 3401 teritur
442 3351 536 3402 autem
553 3344 720 3411 difficillime
737 3345 781 3404 sil.
812 3347 841 3404 in
855 3344 997 3405 medendo
1014 3344 1120 3405 leniter

123 3425 237 3484 mordet
257 3424 467 3503 adstringitque
488 3435 518 3487 et
542 3429 642 3505 explet
663 3428 771 3488 ulcera.
806 3429 899 3488 uritur
919 3430 949 3487 iu
972 3428 1119 3504 fictilibus,
