2378 3840
396 621 756 697 PRAEFATIO,

170 843 286 907 Indices,
308 859 340 900 ue
361 843 471 916 longior
492 843 715 907 interponeretur
733 859 822 910 mora,
845 843 922 900 nolui
945 844 1065 902 inserere

49 907 56 931 ⁸
86 925 149 982 huic
163 925 302 983 volumini.
347 923 424 992 Quod
440 944 522 1000 quum
538 942 586 981 eos
601 928 752 982 contineret
770 924 855 981 libros
872 944 942 1000 quos
957 928 1065 985 invento

86 1009 178 1065 codice
191 1009 380 1082 bambergensi
395 1009 630 1082 pertractavisscm
645 1008 707 1083 (vid.
722 1008 835 1081 praelat.
852 1008 905 1064 vol.
925 1009 987 1082 tu),
1003 1029 1065 1084 spe·

86 1108 206 1148 raveram
227 1093 286 1148 lore
307 1099 338 1148 ut
357 1109 412 1148 non
433 1091 548 1149 multum
564 1092 629 1147 mihi
644 1092 789 1148 facesseret
802 1091 918 1164 negotii,
940 1093 987 1148 sed
1002 1111 1065 1167 spes

86 1192 127 1230 me
151 1174 254 1232 lelellit.
300 1175 392 1238 Sensi,
419 1182 549 1249 quantum
567 1175 718 1238 interesset,
734 1182 825 1231 utrum
845 1175 968 1248 singulos
985 1194 1066 1250 quos-

86 1258 146 1313 ‹lam
164 1257 343 1315 emendandos
370 1257 486 1331 eligeres
507 1257 600 1318 locos,
629 1276 661 1314 an
680 1265 756 1314 totus
773 1258 905 1314 orationis
923 1267 1065 1315 contextus

87 1348 158 1397 esset
173 1341 206 1396 ad
216 1358 336 1398 normam
353 1342 510 1414 exigendus.
554 1341 646 1416 Neque
664 1349 721 1398 erat
735 1342 809 1415 quod
827 1341 930 1398 laboris
947 1342 1065 1398 taedium

85 1421 194 1486 levaret,
214 1425 341 1497 quoniam
360 1441 403 1480 res
419 1424 585 1481 illustriores
604 1434 750 1498 occupatae
764 1432 840 1480 erant
856 1432 902 1481 aut
917 1442 932 1480 a
946 1441 988 1480 me
1004 1426 1064 1498 ipso

86 1513 133 1562 ant
147 1507 180 1561 ab
195 1507 262 1567 aliis,
278 1507 417 1562 restabant
430 1515 476 1563 aut
489 1506 629 1564 abstrusae
643 1515 724 1580 atque
735 1507 917 1580 perdifficiles,
934 1516 980 1563 aut
994 1506 1065 1563 leves

86 1597 166 1661 atque
182 1589 314 1652 minutae,
340 1605 427 1662 neque
442 1596 531 1645 tamen
550 1591 639 1646 minus
655 1607 702 1646 eae
719 1591 892 1663 requirebant
910 1588 1064 1663 diligentiae

86 1680 167 1746 atque
191 1688 304 1745 operae,
327 1673 408 1728 immo
422 1671 509 1728 multo
524 1673 664 1745 copiosior
677 1673 827 1729 adnotanda
841 1682 900 1729 erat
914 1674 1064 1747 scripturae

86 1755 264 1828 discrepantia
280 1772 359 1829 mam
374 1756 402 1810 in
418 1759 515 1812 ceteris
530 1754 667 1811 Naturalis
684 1755 819 1811 Historiae
832 1753 918 1810 libris.
963 1755 1002 1811 Eo
1018 1773 1065 1811 au·

86 1847 139 1895 tem
160 1836 285 1913 stimulo.
307 1855 386 1913 quem
408 1837 471 1894 laeti
489 1839 642 1896 studiorum
656 1839 763 1895 fructus
779 1838 875 1894 addere
890 1837 992 1900 solent,
1019 1838 1065 1893 de·

85 1921 198 1978 stitutus
213 1921 374 1978 conficiebar
390 1922 556 1994 gravissimis
574 1921 743 1978 maeroribus
758 1929 785 1976 et
800 1920 933 1986 luctibus,
960 1922 987 1976 in
1005 1939 1064 1995 qur-

85 2004 136 2062 bus
151 2013 214 2061 suut
234 2005 281 2078 qui
296 2021 351 2060 non
368 2021 410 2061 me
426 2005 514 2061 solum
529 2005 670 2068 moverint,
686 2022 747 2060 nam
762 2005 823 2078 quis
836 2021 891 2060 non
905 2004 982 2078 luget
991 2022 1064 2060 mor-

86 2096 126 2144 tes
155 2087 366 2144 clarissimorum
398 2089 517 2144 virorum
548 2087 575 2143 G.
605 2088 634 2143 F.
665 2087 936 2160 Naegelsbachii
974 2095 1002 2144 et
1033 2087 1062 2142 F.

86 2170 308 2227 Thierschiil
337 2170 516 2244 quibuscum,
539 2171 624 2227 amico
650 2169 754 2233 altero,
780 2169 866 2226 altero
887 2179 1064 2244 praeceptore

85 2271 164 2315 usus,
184 2270 235 2326 ego
255 2253 399 2309 artissimis
423 2253 584 2309 coniunctus
608 2270 681 2309 eram
706 2253 911 2309 necessitudinis
937 2252 1062 2310 vinculis.

84 2336 154 2404 Quid
184 2336 297 2399 mirum,
329 2337 352 2392 si
382 2337 414 2393 ad
441 2335 575 2411 reliquum
597 2335 788 2409 perficiendum
814 2337 902 2391 minus
927 2334 1015 2392 alacer
1037 2343 1064 2391 et

84 2428 226 2493 promptus
244 2420 297 2476 luit
315 2421 419 2476 animus
434 2436 513 2492 quam
528 2421 561 2476 acl
575 2419 754 2475 inchoandum
772 2418 859 2491 opus?

168 2503 293 2559 Maximas
307 2520 370 2559 vero
384 2501 557 2558 difficultates
572 2502 638 2558 milri
657 2500 748 2558 attulit
763 2501 875 2557 ultimus
891 2500 968 2562 liber,
985 2517 1063 2574 quem

80 2605 98 2659 e
116 2586 311 2644 vetustioribus
336 2585 474 2641 codicibus
499 2585 575 2641 solus
596 2585 717 2642 continet
733 2584 817 2640 codex
834 2583 1064 2654 Bambergcn·

85 2670 150 2732 sis,
178 2669 228 2724 hac
248 2669 355 2741 quidem
375 2675 501 2741 exparte
523 2677 550 2724 et
575 2666 830 2741 interpolationibus
854 2673 881 2721 et
901 2666 1004 2722 lacunis
1025 2667 1063 2722 ita

85 2752 221 2813 foedatus,
240 2759 270 2807 ut
285 2750 365 2807 liceat
383 2750 443 2824 ipso
459 2767 520 2807 eum
540 2752 611 2808 dicas
628 2750 793 2806 inferiorem.
825 2749 878 2805 Sed
895 2758 983 2805 tamen
996 2755 1064 2805 tarn·

85 2850 164 2905 quam
186 2833 327 2889 obrussam
345 2850 406 2890 enm
427 2833 606 2891 adhibendum
621 2850 680 2889 esse
697 2827 837 2906 putabam.
853 2840 884 2889 ut
900 2831 941 2888 vel
956 2849 988 2888 er
1002 2833 1061 2887 eius

84 2913 339 2987 interpolationibus
359 2916 505 2973 nonnullae
524 2918 589 2973 mihi
609 2917 764 2972 viderentur
779 2916 914 2972 addendae
937 2933 997 2972 esse
1012 2933 1063 2971 un·

84 2997 123 3055 cis
146 2996 275 3053 inclusae.
318 2999 403 3055 llulto
425 3001 496 3056 enim
520 3001 671 3057 deteriores
687 3007 751 3055 sunt
771 3018 839 3073 quac
861 3007 1002 3072 praeterea
1018 2998 1062 3053 ad·

84 3082 137 3138 huc
158 3081 284 3154 cognitae
306 3089 369 3136 sunt
384 3089 439 3138 tres
454 3084 577 3140 codicum
592 3082 723 3146 familiae,
746 3084 793 3156 qui
810 3083 918 3156 quidem
933 3097 1062 3138 numerus

84 3164 214 3228 efficitur,
235 3165 257 3221 si
278 3163 438 3237 respicimus
456 3165 489 3220 ad
505 3166 596 3239 operis
613 3165 707 3227 finem,
730 3168 775 3240 qui
791 3165 898 3238 integer
917 3165 1019 3237 legitur
1034 3164 1062 3218 in

45 3295 48 3300 r
85 3266 139 3304 nno
158 3249 250 3306 codice
271 3247 474 3319 bambergensi,
502 3265 589 3322 equo
613 3265 681 3321 quae
704 3249 731 3303 in
749 3249 847 3305 ceteris
865 3247 1062 3321 exemplaribus

85 3331 231 3388 desiderari
248 3332 493 3388 demonstraveram
516 3331 544 3385 in
563 3330 795 3387 observationibus
810 3330 911 3388 criticis
929 3329 1061 3402 (llonach.

822 3448 836 3485 a
843 3429 860 3462 h
