2378 3840
119 186 159 246 20
465 198 495 247 c.
516 200 611 247 rmus
627 198 779 248 arcuum

119 355 227 414 candor
241 354 383 433 pallorem
401 353 602 430 chrysocollae
622 355 742 414 adierat.
781 353 887 413 luteam
902 362 1002 431 putant
1025 372 1041 413 a
1058 352 1121 414 luto

119 438 211 498 herba
232 439 351 513 dictam,
374 456 456 515 quam
477 439 569 516 ipsam
586 439 725 498 caeruleo
744 437 896 497 subtritam
921 455 976 515 pro
1002 436 1121 514 chryso·

119 522 195 582 colla
210 523 346 582 inducunt
355 564 364 598 ,
383 521 522 580 vilissimo
538 540 649 599 genere
667 531 754 600 atque
768 519 966 582 fallacissimo.

76 614 111 671 92
186 603 268 688 (28.)
293 603 370 664 Usus
386 604 589 681 chrysocollae
607 614 636 666 et
657 607 685 664 in
700 606 841 665 medicina
857 603 953 664 estad
969 605 1122 682 purganda

118 690 241 749 volnera
257 708 320 748 cum
337 707 406 749 cera
423 697 511 767 atque
528 689 607 749 oleo.
643 688 744 750 eadem
763 705 818 767 per
839 707 872 748 se
888 688 967 748 arida
983 689 1072 747 siccat
1092 697 1144 750 ets

120 773 272 832 contrahit.
310 771 393 832 datur
415 781 445 833 et
469 775 498 832 iu
524 774 627 850 angina
651 773 872 851 orthopnoeave
900 770 1036 848 lingenda
1058 790 1123 831 cum

120 855 217 916 melle.
248 858 375 916 concitat
393 857 586 934 vomitiones,
612 859 750 916 miscetur
767 864 797 916 et
811 855 942 931 collyriis
959 855 995 914 ad
1009 856 1123 915 cicatri-

119 959 169 999 ces
187 940 336 1000 oculorum
356 958 390 999 ac
410 941 551 1000 viridibus
567 941 732 1019 emplastris
751 940 787 1000 ad
801 939 921 999 dolores
935 939 1122 1016 mitigandos,

119 1025 271 1083 cicatrices
287 1023 449 1084 trahendas.
474 1024 547 1084 hanc
562 1025 774 1101 chrysocollam
790 1023 894 1084 medici
910 1024 1009 1082 acesin
1021 1023 1122 1101 appel·

76 1117 111 1171 93
122 1107 196 1184 lant,
212 1126 286 1185 quae
304 1124 362 1167 non
379 1116 425 1167 εει
442 1108 575 1168 orobitis.
607 1107 691 1186 (29.)
709 1106 929 1184 chrysocollam
941 1115 970 1166 et
985 1106 1121 1167 aurifices
1132 1126 1157 1167 ao

120 1191 176 1249 sibi
191 1191 335 1249 vindicant
351 1191 556 1267 adglutinando
575 1210 657 1267 auro,
672 1201 702 1250 ει
714 1190 780 1250 inde
798 1193 889 1250 omnis
905 1190 1066 1269 appellatas
1083 1193 1121 1250 si-

119 1273 227 1332 militer
243 1275 365 1332 virentis
377 1274 481 1332 dicunt.
507 1282 686 1352 temperatur
703 1283 797 1334 autern
811 1273 918 1353 Cypria
934 1276 1073 1351 aerugine
1090 1284 1121 1334 ει

119 1359 201 1435 pueri
219 1357 335 1434 inpubis
352 1358 433 1416 urina
456 1357 553 1417 addito
573 1359 668 1434 nitro,
691 1360 854 1436 teriturque
871 1356 979 1436 Cyprio
1005 1376 1074 1418 acre
1091 1359 1121 1417 in

120 1438 236 1519 Cypriis
251 1442 418 1518 mortariis,
436 1450 599 1502 santernam
615 1451 727 1502 vocant.
766 1444 806 1502 ita
818 1443 1007 1502 feruminatur
1022 1460 1120 1501 aurum

119 1525 196 1602 quod
219 1532 406 1602 argentosum
430 1534 545 1585 vocant.
588 1528 700 1604 signum
724 1535 786 1604 est,
819 1529 844 1586 si
867 1526 962 1586 addita
983 1534 1120 1585 santerna
1131 1544 1155 1584 15

119 1609 244 1667 nitescit.
286 1609 441 1668 ediverso
466 1628 600 1670 aerosum
624 1610 768 1670 contrahit
796 1630 829 1671 se
853 1610 1066 1687 hebetaturque
1089 1617 1119 1668 ει

119 1692 277 1752 difficulter
301 1694 497 1753 feruminatur.
539 1695 573 1753 ad
595 1694 625 1753 id
647 1695 787 1771 glutinum
803 1695 835 1754 iit
852 1711 922 1753 auro
941 1701 972 1753 et
988 1702 1120 1770 septumo

118 1779 232 1853 argenti
250 1777 356 1856 [parte]
374 1777 408 1836 ad
429 1795 516 1855 supra
532 1779 606 1837 dicta
621 1779 724 1837 additis
747 1795 859 1855 unaque
877 1779 964 1836 tritis.

75 1871 110 1924 94
185 1862 267 1938 (30.)
291 1859 476 1939 contexique
494 1880 546 1939 par
563 1871 609 1922 est
624 1861 736 1939 reliqua
752 1862 828 1920 circa
844 1861 916 1935 hoc,
937 1867 968 1917 ut
983 1862 1120 1920 universa

118 1951 237 2003 naturae
256 1947 405 2020 contingat
423 1944 581 2006 admiratio.
613 1944 694 2004 Auro
710 1944 849 2021 glutinum
864 1951 910 2002 εει
928 1943 1001 2017 tale,
1017 1943 1154 2019 argillam

117 2027 217 2102 ierro,
240 2027 356 2086 cadmea
376 2030 453 2087 aeris
469 2032 591 2107 massis,
615 2029 728 2088 alumen
747 2027 866 2102 lamnis,
885 2027 983 2085 resina
1000 2025 1119 2102 plumbo

119 2118 148 2169 et
177 2112 328 2186 marmori,
357 2119 386 2170 et
408 2111 553 2189 plumbum
579 2115 692 2189 nigrum
720 2111 786 2170 albo
813 2111 941 2187 iungitur
966 2110 1119 2187 ipsumque

118 2193 213 2251 album
237 2193 292 2252 sibi
313 2193 399 2271 oleo,
422 2196 492 2255 item
515 2205 646 2275 stagnum
670 2196 862 2272 aeramentis,
885 2201 988 2271 stagno
1016 2210 1120 2270 argeu-

118 2285 186 2335 tum.
225 2277 324 2337 Pineis
350 2287 467 2357 optume
489 2279 577 2357 lignis
594 2300 645 2342 aes
661 2281 827 2358 ferrumque
851 2278 995 2354 funditur,
1018 2277 1119 2337 sedet

118 2361 268 2439 Aegyptio
291 2380 421 2440 papyro,
443 2362 535 2442 paleis
556 2382 662 2424 aurum.
711 2363 782 2423 Calx
806 2381 879 2441 aqua
900 2361 1066 2421 accenditur
1089 2369 1119 2420 ει

118 2445 257 2505 Thracius
280 2446 372 2524 lapis,
395 2447 470 2506 idem
493 2449 559 2507 olco
584 2449 791 2523 restinguitur,
818 2448 894 2522 ignis
916 2454 1011 2505 autem
1033 2451 1118 2503 aceto

117 2547 248 2589 maxume
272 2538 302 2589 ει
321 2532 404 2590 visco
427 2539 457 2590 et
480 2548 547 2590 ovo.
592 2529 684 2589 Terra
705 2531 828 2588 minume
853 2528 971 2606 flagrat,
998 2527 1118 2587 carboni

116 2615 161 2673 vis
177 2616 269 2672 maior
285 2623 389 2672 exusto
408 2615 568 2691 iterumque
586 2612 726 2689 flagranti.

74 2707 107 2760 95
122 2696 147 2769 ,s
182 2696 209 2754 6.
235 2697 318 2773 (31.)
340 2695 387 2756 Ab
410 2696 454 2755 his
472 2697 585 2773 argenti
600 2695 716 2754 metalla
731 2695 879 2774 dicantur,
900 2715 973 2775 qnae
990 2715 1118 2775 sequens

117 2779 227 2837 insania
241 2787 295 2837 εει.
316 2777 439 2839 Nonnisi
455 2781 484 2837 iu
502 2781 598 2857 puteis
619 2781 768 2858 reperitur
786 2779 922 2858 nullaque
940 2799 993 2859 spc
1011 2782 1055 2840 sui
1071 2797 1154 2844 na-ao

118 2862 223 2934 scitur,
247 2861 332 2919 nullis
347 2870 378 2920 ut
395 2864 423 2921 in
439 2880 509 2921 auro
528 2863 691 2922 lucentibus
709 2862 851 2923 scintillis.
891 2872 969 2924 terra
986 2873 1031 2923 εει
1047 2864 1118 2923 alias

116 2943 221 3020 rubra,
240 2943 311 3003 alias
326 2945 487 3005 cineracea.
517 2949 641 3025 excoqui
657 2965 714 3006 non
726 2955 837 3025 potest,
855 2948 910 3006 nisi
921 2965 984 3007 cum
1000 2947 1118 3026 plumbo

117 3029 202 3105 nigro
220 3036 267 3088 aut
287 3046 350 3087 cum
369 3047 443 3088 vena
461 3029 586 3108 plumbi,
601 3032 733 3107 galenam
748 3040 871 3108 vocant,
888 3049 962 3109 quae
979 3033 1059 3091 iuxta
1074 3049 1118 3089 ar·

116 3113 198 3189 genti
219 3130 309 3171 venas
332 3112 503 3191 plerumque
530 3117 686 3193 reperitur.
721 3124 750 3174 et
774 3116 878 3174 eodem
901 3132 993 3193 opere
1010 3115 1117 3192 ignium

117 3195 240 3256 discedit
258 3214 324 3274 pars
341 3198 370 3255 in
392 3197 555 3275 plumbum,
577 3208 726 3276 argentum
748 3207 844 3258 autem
862 3200 971 3259 innatat
989 3213 1151 3277 supernos*u

74 3290 109 3344 96
121 3287 151 3338 ut
167 3280 262 3340 oleum
280 3283 371 3358 aquis.
396 3279 555 3358 lleperitur
570 3285 599 3342 in
617 3283 748 3342 omnibus
763 3300 858 3360 paene
875 3285 1046 3361 provinciis,
1064 3281 1117 3342 sed

117 3365 146 3421 in
160 3363 298 3442 Hispania
324 3364 563 3443 pulcherrimum,
589 3368 617 3426 id
639 3385 757 3444 quoque
778 3368 807 3425 in
830 3364 923 3425 sterili
947 3367 1013 3426 solo
1030 3374 1117 3444 atque

107 3448 198 3503 elram
211 3449 380 3528 montibus,
395 3457 425 3509 ct
441 3449 613 3531 ubicumque
629 3468 683 3508 una
697 3453 814 3510 inventa
824 3467 898 3509 vena
915 3457 961 3510 est
976 3467 1034 3510 non
1050 3468 1118 3529 pro·
