2378 3840
317 201 396 248 usu.
418 201 507 250 tarsu.
531 203 656 249 xxxur.
679 170 706 251 4ss
729 188 895 266 (at-23.)
1064 190 1102 250 17

106 352 257 414 trahuntur
272 354 308 414 ab
322 356 448 416 bomine.
484 357 585 415 vitium
605 355 717 415 lavandi
740 364 770 415 et
793 357 817 415 si
842 355 934 414 fluens
959 355 1048 414 amnis
1062 353 1104 413 lu-

106 446 165 496 tum
180 439 320 516 inportet,
337 439 366 498 id
378 457 471 516 genus
489 447 584 499 terrae
602 440 693 497 urium
708 447 821 498 vocant.
844 457 917 516 ergo
934 455 987 515 per
1003 437 1101 496 silices

106 520 272 580 calculosve
285 521 391 582 ducunt
407 530 437 583 et
453 524 544 582 urium
560 524 676 582 evitant.
708 522 743 581 ad
758 523 853 599 capita
870 521 1002 582 deiectus
1014 521 1044 579 in
1059 539 1104 579 su·

107 603 238 682 porciliis
249 607 386 664 montium
396 607 525 684 piscinae
537 613 674 666 cavantur
685 605 813 664 ducenos
827 605 917 684 pedes
930 606 959 663 in
974 620 1103 681 quasque

84 689 197 766 spartis
219 696 249 747 et
262 690 292 747 in
309 688 488 749 altitudinem
502 689 603 749 denos.
639 689 788 747 emissaria
802 690 830 747 in
846 690 882 748 iis
898 689 984 766 quina
999 686 1103 764 pedum

106 770 309 849 quadratorum
336 780 449 832 ternum
467 773 532 832 fere
558 773 776 849 relinquantur,
804 780 835 830 ut
860 772 976 850 repleto
999 779 1103 847 stagno

107 857 239 914 excussis
257 858 465 933 opturamentis
485 865 615 933 erumpat
636 862 753 914 torrens
769 858 888 914 tentavi
905 863 936 914 ut
953 872 1022 915 saxa
1036 871 1103 933 pro·

106 937 215 997 volvat.
239 937 312 997 alius
331 940 484 997 etiamnum
498 941 527 996 in
543 939 629 1016 plano
645 937 739 997 labor.
761 939 860 997 fossae
875 957 929 1017 per
945 956 1016 1015 quas
1032 955 1099 1015 pro·
1111 945 1146 1001 76

107 1019 176 1077 fluat
191 1027 329 1080 cavantur
345 1055 382 1064 —
400 1038 511 1096 agogas
527 1029 632 1080 vocant
645 1054 698 1097 —,
713 1020 768 1080 hae
781 1029 948 1081 sternuntur
963 1020 1104 1097 gradatim

71 1101 193 1160 1onlfce.
223 1102 322 1161 frutex
336 1110 383 1163 est
398 1105 474 1162 roris
493 1105 592 1163 marini
614 1104 734 1181 similis,
758 1122 846 1182 asper
860 1122 1018 1183 aurumque
1036 1106 1104 1162 reti·

108 1202 188 1245 nens.
211 1185 302 1246 latera
316 1187 467 1246 cluduntur
483 1187 587 1247 tabulis
605 1205 638 1246 ac
653 1205 708 1266 per
722 1197 878 1266 praerupta
890 1187 1104 1266 suspenduntur

107 1269 232 1330 canales.
267 1270 307 1329 ita
322 1270 471 1349 profluens
488 1280 567 1332 terra
582 1274 611 1331 in
625 1290 703 1331 mare
720 1271 826 1332 labitur
840 1281 1000 1350 ruptusque
1020 1289 1103 1330 mons

106 1349 239 1429 diluitur,
256 1371 290 1412 ac
304 1354 392 1431 longe
408 1364 502 1415 terras
519 1356 547 1413 iu
567 1374 645 1415 mare
665 1356 709 1414 his
730 1356 766 1415 de
781 1359 875 1415 causis
891 1359 945 1415 iam
958 1356 1104 1432 promovit

106 1432 250 1514 Hispania.
264 1437 403 1520 lnpriore
416 1455 527 1514 genere
539 1456 614 1515 quae
626 1437 831 1497 exhauriuntur
842 1442 972 1497 inmenso
985 1437 1100 1511 labore,
1112 1446 1145 1500 77

70 1536 96 1576 15
106 1536 142 1576 ne
154 1527 297 1595 occupent
311 1527 428 1597 puteos,
440 1521 469 1578 in
480 1520 536 1579 hoc
548 1523 684 1596 rigantur.
707 1539 805 1579 aurum
817 1523 932 1596 arrugia
943 1521 1105 1597 quaesitum
1123 1519 1146 1553 θ’

106 1617 165 1659 non
178 1602 329 1677 coquitur,
349 1600 403 1659 sed
420 1604 515 1660 statim
537 1621 617 1661 suum
635 1611 689 1661 est.
721 1605 905 1662 inveniuntur
925 1605 964 1661 ita
977 1620 1102 1678 massae,

106 1701 230 1743 necnon
242 1685 270 1742 in
282 1685 378 1761 puteis
392 1692 422 1744 et
433 1684 522 1744 denas
534 1685 713 1745 excedentes
727 1684 827 1758 libras,
844 1686 973 1762 pelagas,
992 1685 1040 1745 alii
1056 1704 1104 1763 pa·

106 1767 250 1843 lacurnas,
265 1768 352 1828 iidem
367 1769 444 1846 quod
460 1771 596 1827 minutum
613 1777 658 1829 est
674 1767 805 1828 balucem
821 1777 936 1827 vocant.
964 1768 1035 1827 ulex
1049 1770 1103 1828 sic-

106 1859 197 1927 catur,
210 1853 312 1928 uritur,
328 1860 358 1912 et
372 1852 444 1912 cinis
460 1854 524 1912 eius
536 1853 647 1912 lavatur
660 1852 807 1911 substrato
820 1852 950 1928 caespite
961 1850 1103 1927 herboso,

70 1943 136 1993 aaut
160 1935 236 1994 sidat
256 1954 362 1996 aurum.
400 1938 501 1997 vicena
522 1936 600 1996 milia
620 1935 717 2015 pondo
739 1935 773 1994 ad
795 1935 869 1994 bunc
890 1933 1003 1993 modum
1019 1937 1099 1993 annis
1111 1944 1146 1998 78

106 2019 228 2095 singulis
244 2021 390 2080 Asturiam
407 2029 494 2099 atque
513 2019 685 2081 Callaeciam
708 2026 738 2080 et
758 2018 931 2079 Lusitaniam
950 2025 1103 2097 praestare

105 2103 218 2179 quidam
234 2104 440 2181 prodiderunt,
461 2107 501 2164 ita
517 2113 547 2163 ut
560 2104 720 2183 plurumum
734 2104 851 2163 Asturia
867 2106 974 2181 gignat.
1006 2121 1103 2180 neque

105 2186 135 2242 in
157 2183 212 2243 alia
235 2194 378 2245 terrarum
401 2196 485 2262 parte
505 2196 549 2245 tot
573 2187 700 2248 saeculis
721 2188 793 2246 haec
812 2188 957 2248 fertilitas.
1000 2187 1102 2247 ltaliae
1147 2234 1150 2239 .

106 2268 186 2344 parci
202 2275 305 2325 vetere
318 2267 472 2326 interdicto
488 2278 599 2343 patrum
615 2271 749 2346 diximus,
762 2269 869 2347 alioqui
882 2269 958 2328 nulla
973 2272 1071 2329 fecun-
1081 2292 1097 2331 s,
1111 2289 1146 2329 aa,

71 2349 171 2408 audior
197 2349 378 2409 metallorum
408 2367 524 2427 quoque
550 2360 613 2409 erat
637 2351 734 2411 tellus.
774 2360 870 2410 exstat
895 2352 945 2410 lex
969 2355 1104 2412 censoria

105 2431 326 2492 Victumularum
342 2432 520 2493 aurifodinae
539 2435 568 2492 iu
582 2433 767 2493 Vercellensi
782 2451 853 2509 agro
871 2451 927 2511 qua
946 2435 1103 2493 cavebatur

106 2535 142 2576 ne
163 2517 228 2595 plus
250 2519 377 2595 quinque
399 2517 514 2577 milibus
537 2517 682 2576 hominum
709 2517 737 2573 in
768 2532 860 2593 opere
885 2514 1030 2594 publicani
1055 2517 1103 2575 ha-

106 2598 221 2659 berent.

168 2680 250 2760 (22.)
272 2682 381 2743 Aurum
398 2684 521 2744 faciendi
545 2692 591 2743 est
615 2685 768 2743 etiamnum
788 2701 843 2742 una
865 2683 939 2741 ratio
964 2701 1003 2742 ex
1025 2684 1145 2753 auri-qo

71 2780 96 2821 ao
106 2765 274 2842 pigmento,
292 2767 369 2843 quod
385 2769 414 2825 in
429 2767 513 2842 Syria
527 2767 636 2826 foditur
647 2766 809 2846 pictoribus
827 2767 856 2824 in
871 2784 978 2826 summa
996 2767 1101 2827 tellure
1114 2760 1118 2773 '

106 2848 168 2906 auri
183 2847 285 2906 colore
303 2849 355 2908 sed
372 2850 477 2925 fragile
491 2849 616 2926 lapidum
631 2849 823 2929 specularium
838 2849 935 2909 modo.
962 2852 1102 2910 invitave-

106 2937 209 3006 ratque
224 2947 294 3007 spes
313 2929 411 2990 Gaium
426 2933 586 3010 principem
602 2933 795 2993 avidissimum
817 2935 893 3009 auri,
915 2934 1103 3011 quamobrem

105 3014 190 3072 iussit
214 3016 338 3091 excoqui
359 3031 491 3091 magnum
507 3014 636 3093 pondus,
662 3015 793 3093 etplane
808 3016 877 3076 fecit
892 3034 990 3075 aurum
1005 3016 1102 3078 excel·
1136 3026 1143 3047 ⁸

105 3095 187 3174 lens,
203 3096 255 3156 sed
271 3098 311 3156 ita
325 3099 405 3175 parvi
425 3098 562 3175 ponderis
577 3106 609 3157 ut
624 3099 826 3159 detrimentum
842 3100 965 3159 sentiret
980 3108 1104 3178 propter

69 3199 95 3240 aa
104 3181 253 3240 avaritiam
265 3190 416 3259 expertus,
431 3199 599 3260 quamquam
613 3183 815 3260 auripigmenti
828 3183 920 3243 librae
932 3181 960 3241 X
972 3195 1025 3242 1111
1037 3200 1102 3261 per·

104 3272 300 3341 mutarentur,
321 3283 374 3325 nec
393 3272 498 3344 postea
514 3273 681 3343 temptatum
699 3266 735 3326 ab
752 3267 812 3327 ullo
828 3276 882 3327 est.

165 3347 245 3430 (23.)
267 3348 348 3409 Omni
370 3367 440 3409 auro
464 3351 541 3410 inest
563 3359 713 3427 argentum
733 3353 815 3412 vario
835 3351 983 3430 pondere,
1011 3350 1168 3426 aliubittpf

103 3431 222 3492 decuma
236 3443 320 3512 parte
340 3433 428 3494 aliubi
452 3443 562 3494 octava.
601 3437 630 3494 in
650 3452 707 3494 uno
735 3445 842 3496 tantam
859 3433 1028 3495 Callaeciae
1043 3454 1112 3490 me-

144 3531 221 3575 num
238 3534 305 3582 aar.
321 3536 398 3580 ruer.
415 3520 453 3579 Vu
936 3517 968 3573 ‘2
