<?xml version="1.0" encoding="UTF-8"?>
<!DOCTYPE html PUBLIC "-//W3C//DTD XHTML 1.0 Transitional//EN"
    "http://www.w3.org/TR/xhtml1/DTD/xhtml1-transitional.dtd">
<html xmlns="http://www.w3.org/1999/xhtml" xml:lang="en" lang="en">
 <head>
  <title>
</title>
<meta http-equiv="Content-Type" content="text/html;charset=utf-8" />
  <meta name='ocr-system' content='tesseract 3.04.00' />
  <meta name='ocr-capabilities' content='ocr_page ocr_carea ocr_par ocr_line ocrx_word'/>
</head>
<body>
  <div class='ocr_page' id='page_1' title='image "./cplinisecundina05plingoog_0284.png"; bbox 0 0 2378 3840; ppageno 0'>
   <div class='ocr_carea' id='block_1_1' title="bbox 340 165 1092 250">
    <p class='ocr_par' dir='ltr' id='par_1_1' title="bbox 340 165 1092 250">
     <span class='ocr_line' id='line_1_1' title="bbox 340 165 1092 250; baseline -0.001 -21"><span class='ocrx_word' id='word_1_1' title='bbox 340 183 419 229; x_wconf 79' lang='lat' dir='ltr'><strong>uun.</strong></span> <span class='ocrx_word' id='word_1_2' title='bbox 435 180 526 229; x_wconf 82' lang='lat' dir='ltr'><strong>nrsr.</strong></span> <span class='ocrx_word' id='word_1_3' title='bbox 544 181 676 228; x_wconf 85' lang='lat' dir='ltr'><strong>xxxvrr.</strong></span> <span class='ocrx_word' id='word_1_4' title='bbox 696 179 722 233; x_wconf 82' lang='lat'><strong>9.</strong></span> <span class='ocrx_word' id='word_1_5' title='bbox 740 165 890 250; x_wconf 76' lang='lat' dir='ltr'><strong>(ln—sn.)</strong></span> <span class='ocrx_word' id='word_1_6' title='bbox 1034 167 1092 237; x_wconf 81' lang='grc'><strong>167</strong></span> 
     </span>
    </p>
   </div>
   <div class='ocr_carea' id='block_1_2' title="bbox 94 332 1095 584">
    <p class='ocr_par' dir='ltr' id='par_1_2' title="bbox 94 332 1095 584">
     <span class='ocr_line' id='line_1_2' title="bbox 95 332 1094 413; baseline -0.005 -15"><span class='ocrx_word' id='word_1_7' title='bbox 95 337 162 398; x_wconf 90' lang='lat' dir='ltr'><strong>buic</strong></span> <span class='ocrx_word' id='word_1_8' title='bbox 177 338 253 396; x_wconf 93' lang='lat' dir='ltr'><strong>intus</strong></span> <span class='ocrx_word' id='word_1_9' title='bbox 271 355 287 396; x_wconf 91' lang='lat' dir='ltr'><strong>a</strong></span> <span class='ocrx_word' id='word_1_10' title='bbox 303 345 405 396; x_wconf 91' lang='lat' dir='ltr'><strong>centro</strong></span> <span class='ocrx_word' id='word_1_11' title='bbox 421 334 507 395; x_wconf 90' lang='lat' dir='ltr'><strong>stella</strong></span> <span class='ocrx_word' id='word_1_12' title='bbox 524 332 602 395; x_wconf 91' lang='lat' dir='ltr'><strong>lucet</strong></span> <span class='ocrx_word' id='word_1_13' title='bbox 617 335 734 413; x_wconf 82' lang='lat' dir='ltr'><strong>fulgore</strong></span> <span class='ocrx_word' id='word_1_14' title='bbox 750 335 839 413; x_wconf 90' lang='lat' dir='ltr'><strong>pleno</strong></span> <span class='ocrx_word' id='word_1_15' title='bbox 854 336 950 395; x_wconf 91' lang='lat' dir='ltr'><strong>lunae.</strong></span> <span class='ocrx_word' id='word_1_16' title='bbox 982 333 1094 413; x_wconf 92' lang='lat' dir='ltr'><strong>quidam</strong></span> 
     </span>
     <span class='ocr_line' id='line_1_3' title="bbox 94 417 1095 497; baseline -0.004 -16"><span class='ocrx_word' id='word_1_17' title='bbox 94 439 210 482; x_wconf 90' lang='lat' dir='ltr'><strong>causam</strong></span> <span class='ocrx_word' id='word_1_18' title='bbox 229 421 351 479; x_wconf 90' lang='lat' dir='ltr'><strong>nominis</strong></span> <span class='ocrx_word' id='word_1_19' title='bbox 372 418 495 480; x_wconf 90' lang='lat' dir='ltr'><strong>reddunt</strong></span> <span class='ocrx_word' id='word_1_20' title='bbox 520 417 597 496; x_wconf 90' lang='lat' dir='ltr'><strong>quod</strong></span> <span class='ocrx_word' id='word_1_21' title='bbox 619 420 705 478; x_wconf 90' lang='lat' dir='ltr'><strong>astris</strong></span> <span class='ocrx_word' id='word_1_22' title='bbox 731 421 867 497; x_wconf 89' lang='lat' dir='ltr'><strong>opposita</strong></span> <span class='ocrx_word' id='word_1_23' title='bbox 890 418 1035 495; x_wconf 79' lang='lat' dir='ltr'><strong>fulgorem</strong></span> <span class='ocrx_word' id='word_1_24' title='bbox 1051 435 1095 477; x_wconf 93' lang='lat' dir='ltr'><strong>ra·</strong></span> 
     </span>
     <span class='ocr_line' id='line_1_4' title="bbox 95 499 1094 584; baseline -0.004 -21"><span class='ocrx_word' id='word_1_25' title='bbox 95 506 155 584; x_wconf 83' lang='lat' dir='ltr'><strong>piat</strong></span> <span class='ocrx_word' id='word_1_26' title='bbox 175 512 205 563; x_wconf 92' lang='lat' dir='ltr'><strong>et</strong></span> <span class='ocrx_word' id='word_1_27' title='bbox 221 513 348 581; x_wconf 82' lang='lat' dir='ltr'><strong>regerat.</strong></span> <span class='ocrx_word' id='word_1_28' title='bbox 386 510 529 580; x_wconf 78' lang='lat' dir='ltr'><strong>optumam</strong></span> <span class='ocrx_word' id='word_1_29' title='bbox 544 502 573 560; x_wconf 92' lang='lat' dir='ltr'><strong>in</strong></span> <span class='ocrx_word' id='word_1_30' title='bbox 591 499 739 562; x_wconf 81' lang='lat' dir='ltr'><strong>Carmania</strong></span> <span class='ocrx_word' id='word_1_31' title='bbox 758 504 839 580; x_wconf 81' lang='lat' dir='ltr'>gigni</span> <span class='ocrx_word' id='word_1_32' title='bbox 861 503 959 562; x_wconf 90' lang='lat' dir='ltr'><strong>dicunt</strong></span> <span class='ocrx_word' id='word_1_33' title='bbox 976 500 1094 561; x_wconf 92' lang='lat' dir='ltr'><strong>nullam·</strong></span> 
     </span>
    </p>
   </div>
   <div class='ocr_carea' id='block_1_3' title="bbox 53 585 1137 3495">
    <p class='ocr_par' dir='ltr' id='par_1_3' title="bbox 72 585 1094 750">
     <span class='ocr_line' id='line_1_5' title="bbox 96 585 1094 665; baseline -0.004 -19"><span class='ocrx_word' id='word_1_34' title='bbox 96 606 152 665; x_wconf 91' lang='lat' dir='ltr'><strong>que</strong></span> <span class='ocrx_word' id='word_1_35' title='bbox 172 588 265 647; x_wconf 92' lang='lat' dir='ltr'><strong>minus</strong></span> <span class='ocrx_word' id='word_1_36' title='bbox 289 587 443 647; x_wconf 79' lang='lat' dir='ltr'><strong>obnoxiam</strong></span> <span class='ocrx_word' id='word_1_37' title='bbox 459 586 550 661; x_wconf 86' lang='lat' dir='ltr'><strong>vitio,</strong></span> <span class='ocrx_word' id='word_1_38' title='bbox 572 588 736 656; x_wconf 76' lang='lat' dir='ltr'><strong>cerauniam</strong></span> <span class='ocrx_word' id='word_1_39' title='bbox 758 605 821 645; x_wconf 89' lang='lat' dir='ltr'><strong>eam</strong></span> <span class='ocrx_word' id='word_1_40' title='bbox 843 587 942 646; x_wconf 87' lang='lat' dir='ltr'><strong>vocari</strong></span> <span class='ocrx_word' id='word_1_41' title='bbox 965 603 1039 664; x_wconf 88' lang='lat' dir='ltr'><strong>quae</strong></span> <span class='ocrx_word' id='word_1_42' title='bbox 1056 585 1094 643; x_wconf 91' lang='lat' dir='ltr'><strong>sit</strong></span> 
     </span>
     <span class='ocr_line' id='line_1_6' title="bbox 72 669 881 750; baseline 0 -21"><span class='ocrx_word' id='word_1_43' title='bbox 72 671 236 747; x_wconf 73' lang='lat' dir='ltr'><strong>tdeterior,</strong></span> <span class='ocrx_word' id='word_1_44' title='bbox 251 687 414 750; x_wconf 86' lang='lat' dir='ltr'><strong>pessumam</strong></span> <span class='ocrx_word' id='word_1_45' title='bbox 428 669 622 728; x_wconf 75' lang='lat' dir='ltr'><strong>lanternarum</strong></span> <span class='ocrx_word' id='word_1_46' title='bbox 637 669 735 729; x_wconf 90' lang='lat' dir='ltr'><strong>lumini</strong></span> <span class='ocrx_word' id='word_1_47' title='bbox 750 669 881 729; x_wconf 88' lang='lat' dir='ltr'><strong>similem.</strong></span> 
     </span>
    </p>

    <p class='ocr_par' dir='ltr' id='par_1_4' title="bbox 93 751 1137 915">
     <span class='ocr_line' id='line_1_7' title="bbox 156 751 1137 835; baseline -0.001 -19"><span class='ocrx_word' id='word_1_48' title='bbox 156 753 237 835; x_wconf 87' lang='grc'>(49.)</span> <span class='ocrx_word' id='word_1_49' title='bbox 263 752 421 814; x_wconf 76' lang='lat' dir='ltr'><strong>Celebrant</strong></span> <span class='ocrx_word' id='word_1_50' title='bbox 437 761 468 812; x_wconf 92' lang='lat' dir='ltr'><strong>et</strong></span> <span class='ocrx_word' id='word_1_51' title='bbox 489 751 648 829; x_wconf 83' lang='lat' dir='ltr'><strong>astrioten,</strong></span> <span class='ocrx_word' id='word_1_52' title='bbox 671 754 817 830; x_wconf 87' lang='lat' dir='ltr'><strong>mirasque</strong></span> <span class='ocrx_word' id='word_1_53' title='bbox 838 752 939 813; x_wconf 88' lang='lat' dir='ltr'><strong>laudes</strong></span> <span class='ocrx_word' id='word_1_54' title='bbox 958 753 1022 811; x_wconf 92' lang='lat' dir='ltr'><strong>eius</strong></span> <span class='ocrx_word' id='word_1_55' title='bbox 1044 752 1073 809; x_wconf 89' lang='lat' dir='ltr'><strong>in</strong></span> <span class='ocrx_word' id='word_1_56' title='bbox 1086 761 1137 815; x_wconf 91' lang='grc'><strong>133</strong></span> 
     </span>
     <span class='ocr_line' id='line_1_8' title="bbox 93 833 1094 915; baseline -0.005 -18"><span class='ocrx_word' id='word_1_57' title='bbox 93 837 215 915; x_wconf 81' lang='lat' dir='ltr'><strong>Magicis</strong></span> <span class='ocrx_word' id='word_1_58' title='bbox 230 836 339 896; x_wconf 89' lang='lat' dir='ltr'><strong>artibus</strong></span> <span class='ocrx_word' id='word_1_59' title='bbox 354 833 533 895; x_wconf 83' lang='lat' dir='ltr'><strong>Zoroastren</strong></span> <span class='ocrx_word' id='word_1_60' title='bbox 544 836 688 896; x_wconf 80' lang='lat' dir='ltr'><strong>cecinisse</strong></span> <span class='ocrx_word' id='word_1_61' title='bbox 703 833 816 914; x_wconf 91' lang='lat' dir='ltr'><strong>quidam</strong></span> <span class='ocrx_word' id='word_1_62' title='bbox 830 836 998 914; x_wconf 91' lang='lat' dir='ltr'><strong>diligentius</strong></span> <span class='ocrx_word' id='word_1_63' title='bbox 1010 834 1046 894; x_wconf 88' lang='lat' dir='ltr'><strong>de</strong></span> <span class='ocrx_word' id='word_1_64' title='bbox 1060 851 1094 892; x_wconf 90' lang='lat' dir='ltr'><strong>ea</strong></span> 
     </span>
    </p>

    <p class='ocr_par' dir='ltr' id='par_1_5' title="bbox 58 921 1094 1163">
     <span class='ocr_line' id='line_1_9' title="bbox 114 921 246 981; baseline -0.03 0"><span class='ocrx_word' id='word_1_65' title='bbox 114 921 246 981; x_wconf 90' lang='lat' dir='ltr'><strong>rodunt..</strong></span> 
     </span>
     <span class='ocr_line' id='line_1_10' title="bbox 93 939 1094 1081; baseline -0.004 -18"><span class='ocrx_word' id='word_1_66' title='bbox 93 939 111 1000; x_wconf 72' lang='lat' dir='ltr'>p</span> <span class='ocrx_word' id='word_1_67' title='bbox 155 1004 237 1081; x_wconf 81' lang='grc'>(51).)</span> <span class='ocrx_word' id='word_1_68' title='bbox 257 1000 442 1062; x_wconf 85' lang='lat' dir='ltr'><strong>Astrobolon</strong></span> <span class='ocrx_word' id='word_1_69' title='bbox 463 1000 587 1061; x_wconf 85' lang='lat' dir='ltr'><strong>Sudines</strong></span> <span class='ocrx_word' id='word_1_70' title='bbox 613 1002 683 1062; x_wconf 91' lang='lat' dir='ltr'><strong>dicit</strong></span> <span class='ocrx_word' id='word_1_71' title='bbox 710 1001 802 1062; x_wconf 91' lang='lat' dir='ltr'><strong>oculis</strong></span> <span class='ocrx_word' id='word_1_72' title='bbox 826 1003 946 1080; x_wconf 87' lang='lat' dir='ltr'><strong>piscium</strong></span> <span class='ocrx_word' id='word_1_73' title='bbox 972 1001 1094 1063; x_wconf 88' lang='lat' dir='ltr'><strong>similem</strong></span> 
     </span>
     <span class='ocr_line' id='line_1_11' title="bbox 58 1083 717 1163; baseline 0.008 -23"><span class='ocrx_word' id='word_1_74' title='bbox 58 1099 84 1161; x_wconf 90' lang='lat'><strong>.¹⁰</strong></span> <span class='ocrx_word' id='word_1_75' title='bbox 94 1105 174 1163; x_wconf 91' lang='lat' dir='ltr'><strong>esse,</strong></span> <span class='ocrx_word' id='word_1_76' title='bbox 191 1086 304 1146; x_wconf 88' lang='lat' dir='ltr'><strong>radiare</strong></span> <span class='ocrx_word' id='word_1_77' title='bbox 322 1085 440 1162; x_wconf 79' lang='lat' dir='ltr'><strong>fulgore</strong></span> <span class='ocrx_word' id='word_1_78' title='bbox 456 1084 578 1144; x_wconf 92' lang='lat' dir='ltr'><strong>candido</strong></span> <span class='ocrx_word' id='word_1_79' title='bbox 596 1086 625 1145; x_wconf 92' lang='lat' dir='ltr'><strong>in</strong></span> <span class='ocrx_word' id='word_1_80' title='bbox 643 1083 717 1146; x_wconf 89' lang='lat' dir='ltr'><strong>sole.</strong></span> 
     </span>
    </p>

    <p class='ocr_par' dir='ltr' id='par_1_6' title="bbox 91 1168 1137 1481">
     <span class='ocr_line' id='line_1_12' title="bbox 155 1168 1137 1248; baseline 0.001 -18"><span class='ocrx_word' id='word_1_81' title='bbox 155 1171 239 1248; x_wconf 92' lang='grc'>(51.)</span> <span class='ocrx_word' id='word_1_82' title='bbox 257 1168 312 1228; x_wconf 85' lang='lat' dir='ltr'><strong>Est</strong></span> <span class='ocrx_word' id='word_1_83' title='bbox 334 1171 411 1229; x_wconf 92' lang='lat' dir='ltr'><strong>inter</strong></span> <span class='ocrx_word' id='word_1_84' title='bbox 426 1168 560 1228; x_wconf 90' lang='lat' dir='ltr'><strong>candidas</strong></span> <span class='ocrx_word' id='word_1_85' title='bbox 577 1177 607 1228; x_wconf 92' lang='lat' dir='ltr'><strong>et</strong></span> <span class='ocrx_word' id='word_1_86' title='bbox 622 1186 695 1247; x_wconf 93' lang='lat' dir='ltr'><strong>quae</strong></span> <span class='ocrx_word' id='word_1_87' title='bbox 711 1170 845 1230; x_wconf 87' lang='lat' dir='ltr'><strong>ceraunia</strong></span> <span class='ocrx_word' id='word_1_88' title='bbox 860 1178 997 1245; x_wconf 85' lang='lat' dir='ltr'><strong>vocatur,</strong></span> <span class='ocrx_word' id='word_1_89' title='bbox 1020 1168 1137 1231; x_wconf 79' lang='lat' dir='ltr'><strong>lul-134</strong></span> 
     </span>
     <span class='ocr_line' id='line_1_13' title="bbox 91 1249 1092 1332; baseline -0.004 -18"><span class='ocrx_word' id='word_1_90' title='bbox 91 1272 195 1331; x_wconf 91' lang='lat' dir='ltr'><strong>gorem</strong></span> <span class='ocrx_word' id='word_1_91' title='bbox 211 1253 338 1313; x_wconf 91' lang='lat' dir='ltr'><strong>siderum</strong></span> <span class='ocrx_word' id='word_1_92' title='bbox 352 1254 481 1332; x_wconf 89' lang='lat' dir='ltr'><strong>rapiens,</strong></span> <span class='ocrx_word' id='word_1_93' title='bbox 497 1254 560 1331; x_wconf 90' lang='lat' dir='ltr'><strong>ipsa</strong></span> <span class='ocrx_word' id='word_1_94' title='bbox 575 1253 754 1331; x_wconf 88' lang='lat' dir='ltr'><strong>crystallina,</strong></span> <span class='ocrx_word' id='word_1_95' title='bbox 769 1253 937 1332; x_wconf 88' lang='lat' dir='ltr'><strong>splendoris</strong></span> <span class='ocrx_word' id='word_1_96' title='bbox 953 1249 1092 1327; x_wconf 87' lang='lat' dir='ltr'><strong>caerulei,</strong></span> 
     </span>
     <span class='ocr_line' id='line_1_14' title="bbox 91 1335 1094 1412; baseline -0.003 -15"><span class='ocrx_word' id='word_1_97' title='bbox 91 1340 120 1397; x_wconf 91' lang='lat' dir='ltr'><strong>in</strong></span> <span class='ocrx_word' id='word_1_98' title='bbox 139 1336 288 1398; x_wconf 81' lang='lat' dir='ltr'><strong>Carmania</strong></span> <span class='ocrx_word' id='word_1_99' title='bbox 307 1337 439 1396; x_wconf 88' lang='lat' dir='ltr'><strong>nascens.</strong></span> <span class='ocrx_word' id='word_1_100' title='bbox 476 1335 663 1396; x_wconf 84' lang='lat' dir='ltr'><strong>Zenothemis</strong></span> <span class='ocrx_word' id='word_1_101' title='bbox 686 1338 793 1397; x_wconf 87' lang='lat' dir='ltr'><strong>fatetur</strong></span> <span class='ocrx_word' id='word_1_102' title='bbox 822 1336 915 1397; x_wconf 90' lang='lat' dir='ltr'><strong>albam</strong></span> <span class='ocrx_word' id='word_1_103' title='bbox 932 1356 1019 1412; x_wconf 90' lang='lat' dir='ltr'><strong>esse,</strong></span> <span class='ocrx_word' id='word_1_104' title='bbox 1041 1335 1094 1395; x_wconf 89' lang='lat' dir='ltr'><strong>sed</strong></span> 
     </span>
     <span class='ocr_line' id='line_1_15' title="bbox 91 1419 1093 1481; baseline -0.005 0"><span class='ocrx_word' id='word_1_105' title='bbox 91 1421 201 1481; x_wconf 89' lang='lat' dir='ltr'><strong>habere</strong></span> <span class='ocrx_word' id='word_1_106' title='bbox 216 1423 293 1479; x_wconf 92' lang='lat' dir='ltr'><strong>intus</strong></span> <span class='ocrx_word' id='word_1_107' title='bbox 309 1419 422 1479; x_wconf 90' lang='lat' dir='ltr'><strong>stellam</strong></span> <span class='ocrx_word' id='word_1_108' title='bbox 437 1427 646 1479; x_wconf 89' lang='lat' dir='ltr'><strong>coruscantem.</strong></span> <span class='ocrx_word' id='word_1_109' title='bbox 679 1421 743 1480; x_wconf 88' lang='lat' dir='ltr'><strong>lieri</strong></span> <span class='ocrx_word' id='word_1_110' title='bbox 760 1429 789 1480; x_wconf 90' lang='lat' dir='ltr'><strong>et</strong></span> <span class='ocrx_word' id='word_1_111' title='bbox 802 1420 927 1480; x_wconf 87' lang='lat' dir='ltr'><strong>hebetes</strong></span> <span class='ocrx_word' id='word_1_112' title='bbox 943 1420 1093 1478; x_wconf 80' lang='lat' dir='ltr'><strong>cerauniae</strong></span> 
     </span>
    </p>

    <p class='ocr_par' dir='ltr' id='par_1_7' title="bbox 57 1503 1135 1915">
     <span class='ocr_line' id='line_1_16' title="bbox 57 1503 1093 1581; baseline -0.002 -19"><span class='ocrx_word' id='word_1_113' title='bbox 57 1513 161 1581; x_wconf 76' lang='lat' dir='ltr'><strong>¹⁶quas</strong></span> <span class='ocrx_word' id='word_1_114' title='bbox 179 1505 208 1562; x_wconf 94' lang='lat' dir='ltr'><strong>in</strong></span> <span class='ocrx_word' id='word_1_115' title='bbox 229 1505 306 1561; x_wconf 90' lang='lat' dir='ltr'><strong>nitro</strong></span> <span class='ocrx_word' id='word_1_116' title='bbox 323 1511 353 1561; x_wconf 92' lang='lat' dir='ltr'><strong>et</strong></span> <span class='ocrx_word' id='word_1_117' title='bbox 368 1511 453 1561; x_wconf 88' lang='lat' dir='ltr'><strong>aceto</strong></span> <span class='ocrx_word' id='word_1_118' title='bbox 467 1511 626 1561; x_wconf 88' lang='lat' dir='ltr'><strong>maceratas</strong></span> <span class='ocrx_word' id='word_1_119' title='bbox 646 1520 702 1581; x_wconf 89' lang='lat' dir='ltr'><strong>per</strong></span> <span class='ocrx_word' id='word_1_120' title='bbox 724 1503 835 1580; x_wconf 84' lang='lat' dir='ltr'><strong>aliquot</strong></span> <span class='ocrx_word' id='word_1_121' title='bbox 855 1505 918 1563; x_wconf 88' lang='lat' dir='ltr'><strong>dies</strong></span> <span class='ocrx_word' id='word_1_122' title='bbox 934 1503 1093 1579; x_wconf 89' lang='lat' dir='ltr'><strong>concipere</strong></span> 
     </span>
     <span class='ocr_line' id='line_1_17' title="bbox 91 1584 1135 1664; baseline -0.001 -18"><span class='ocrx_word' id='word_1_123' title='bbox 91 1586 206 1646; x_wconf 90' lang='lat' dir='ltr'><strong>stellam</strong></span> <span class='ocrx_word' id='word_1_124' title='bbox 219 1603 282 1647; x_wconf 88' lang='lat' dir='ltr'><strong>eam</strong></span> <span class='ocrx_word' id='word_1_125' title='bbox 297 1602 372 1663; x_wconf 91' lang='lat' dir='ltr'><strong>quae</strong></span> <span class='ocrx_word' id='word_1_126' title='bbox 387 1594 456 1664; x_wconf 91' lang='lat' dir='ltr'><strong>post</strong></span> <span class='ocrx_word' id='word_1_127' title='bbox 469 1584 589 1645; x_wconf 89' lang='lat' dir='ltr'><strong>totidem</strong></span> <span class='ocrx_word' id='word_1_128' title='bbox 608 1586 725 1645; x_wconf 88' lang='lat' dir='ltr'><strong>menses</strong></span> <span class='ocrx_word' id='word_1_129' title='bbox 743 1586 960 1664; x_wconf 76' lang='lat' dir='ltr'><strong>relanguescat..</strong></span> <span class='ocrx_word' id='word_1_130' title='bbox 987 1586 1135 1648; x_wconf 80' lang='lat' dir='ltr'><strong>Sota-135</strong></span> 
     </span>
     <span class='ocr_line' id='line_1_18' title="bbox 91 1666 1091 1748; baseline -0.001 -18"><span class='ocrx_word' id='word_1_131' title='bbox 91 1688 141 1730; x_wconf 92' lang='lat' dir='ltr'><strong>cus</strong></span> <span class='ocrx_word' id='word_1_132' title='bbox 163 1679 193 1730; x_wconf 93' lang='lat' dir='ltr'><strong>et</strong></span> <span class='ocrx_word' id='word_1_133' title='bbox 212 1669 269 1729; x_wconf 87' lang='lat' dir='ltr'><strong>alia</strong></span> <span class='ocrx_word' id='word_1_134' title='bbox 285 1669 341 1729; x_wconf 93' lang='lat' dir='ltr'><strong>duo</strong></span> <span class='ocrx_word' id='word_1_135' title='bbox 359 1686 469 1746; x_wconf 89' lang='lat' dir='ltr'><strong>genera</strong></span> <span class='ocrx_word' id='word_1_136' title='bbox 486 1669 557 1728; x_wconf 89' lang='lat' dir='ltr'><strong>lecit</strong></span> <span class='ocrx_word' id='word_1_137' title='bbox 579 1666 750 1746; x_wconf 85' lang='lat' dir='ltr'><strong>cerauniae,</strong></span> <span class='ocrx_word' id='word_1_138' title='bbox 773 1671 870 1747; x_wconf 92' lang='lat' dir='ltr'><strong>nigras</strong></span> <span class='ocrx_word' id='word_1_139' title='bbox 889 1670 1091 1748; x_wconf 89' lang='lat' dir='ltr'><strong>rubentisque,</strong></span> 
     </span>
     <span class='ocr_line' id='line_1_19' title="bbox 90 1751 1093 1830; baseline -0.002 -16"><span class='ocrx_word' id='word_1_140' title='bbox 90 1753 192 1814; x_wconf 90' lang='lat' dir='ltr'><strong>similis</strong></span> <span class='ocrx_word' id='word_1_141' title='bbox 210 1771 260 1814; x_wconf 88' lang='lat' dir='ltr'><strong>eas</strong></span> <span class='ocrx_word' id='word_1_142' title='bbox 278 1771 347 1813; x_wconf 86' lang='lat' dir='ltr'><strong>esse</strong></span> <span class='ocrx_word' id='word_1_143' title='bbox 364 1751 533 1829; x_wconf 81' lang='lat' dir='ltr'><strong>securibus,</strong></span> <span class='ocrx_word' id='word_1_144' title='bbox 550 1771 588 1812; x_wconf 92' lang='lat' dir='ltr'><strong>ex</strong></span> <span class='ocrx_word' id='word_1_145' title='bbox 605 1751 649 1811; x_wconf 88' lang='lat' dir='ltr'><strong>bis</strong></span> <span class='ocrx_word' id='word_1_146' title='bbox 666 1770 741 1830; x_wconf 90' lang='lat' dir='ltr'><strong>quae</strong></span> <span class='ocrx_word' id='word_1_147' title='bbox 756 1754 858 1830; x_wconf 87' lang='lat' dir='ltr'><strong>nigrae</strong></span> <span class='ocrx_word' id='word_1_148' title='bbox 874 1755 979 1813; x_wconf 89' lang='lat' dir='ltr'><strong>sintae</strong></span> <span class='ocrx_word' id='word_1_149' title='bbox 994 1762 1093 1812; x_wconf 91' lang='lat' dir='ltr'><strong>rotun·</strong></span> 
     </span>
     <span class='ocr_line' id='line_1_20' title="bbox 90 1834 1091 1915; baseline -0.001 -18"><span class='ocrx_word' id='word_1_150' title='bbox 90 1837 144 1897; x_wconf 91' lang='lat' dir='ltr'><strong>dae</strong></span> <span class='ocrx_word' id='word_1_151' title='bbox 157 1855 254 1898; x_wconf 89' lang='lat' dir='ltr'><strong>sacras</strong></span> <span class='ocrx_word' id='word_1_152' title='bbox 268 1855 347 1914; x_wconf 87' lang='lat' dir='ltr'><strong>esse,</strong></span> <span class='ocrx_word' id='word_1_153' title='bbox 363 1836 443 1895; x_wconf 92' lang='lat' dir='ltr'><strong>urbis</strong></span> <span class='ocrx_word' id='word_1_154' title='bbox 460 1854 514 1915; x_wconf 94' lang='lat' dir='ltr'><strong>per</strong></span> <span class='ocrx_word' id='word_1_155' title='bbox 528 1835 594 1895; x_wconf 92' lang='lat' dir='ltr'><strong>illas</strong></span> <span class='ocrx_word' id='word_1_156' title='bbox 606 1837 767 1914; x_wconf 88' lang='lat' dir='ltr'><strong>expugnari</strong></span> <span class='ocrx_word' id='word_1_157' title='bbox 781 1845 811 1896; x_wconf 89' lang='lat' dir='ltr'><strong>et</strong></span> <span class='ocrx_word' id='word_1_158' title='bbox 824 1836 939 1915; x_wconf 90' lang='lat' dir='ltr'><strong>classis,</strong></span> <span class='ocrx_word' id='word_1_159' title='bbox 956 1834 1091 1896; x_wconf 90' lang='lat' dir='ltr'><strong>baetulos</strong></span> 
     </span>
    </p>

    <p class='ocr_par' dir='ltr' id='par_1_8' title="bbox 54 1920 1092 2165">
     <span class='ocr_line' id='line_1_21' title="bbox 54 1920 1092 1999; baseline 0.002 -22"><span class='ocrx_word' id='word_1_160' title='bbox 54 1922 201 1999; x_wconf 77' lang='lat' dir='ltr'><strong>avocari,</strong></span> <span class='ocrx_word' id='word_1_161' title='bbox 217 1938 291 1998; x_wconf 90' lang='lat' dir='ltr'><strong>quae</strong></span> <span class='ocrx_word' id='word_1_162' title='bbox 305 1937 377 1980; x_wconf 84' lang='lat' dir='ltr'><strong>vero</strong></span> <span class='ocrx_word' id='word_1_163' title='bbox 392 1920 500 1997; x_wconf 86' lang='lat' dir='ltr'><strong>longae</strong></span> <span class='ocrx_word' id='word_1_164' title='bbox 516 1920 573 1979; x_wconf 91' lang='lat' dir='ltr'><strong>sint</strong></span> <span class='ocrx_word' id='word_1_165' title='bbox 590 1922 750 1979; x_wconf 84' lang='lat' dir='ltr'><strong>ceraunius.</strong></span> <span class='ocrx_word' id='word_1_166' title='bbox 777 1921 887 1981; x_wconf 86' lang='lat' dir='ltr'><strong>iaciunt</strong></span> <span class='ocrx_word' id='word_1_167' title='bbox 902 1929 932 1981; x_wconf 92' lang='lat' dir='ltr'><strong>et</strong></span> <span class='ocrx_word' id='word_1_168' title='bbox 948 1920 1032 1980; x_wconf 90' lang='lat' dir='ltr'><strong>aliam</strong></span> <span class='ocrx_word' id='word_1_169' title='bbox 1047 1938 1092 1979; x_wconf 91' lang='lat' dir='ltr'><strong>ra·</strong></span> 
     </span>
     <span class='ocr_line' id='line_1_22' title="bbox 89 2002 1091 2082; baseline 0 -19"><span class='ocrx_word' id='word_1_170' title='bbox 89 2021 148 2064; x_wconf 92' lang='lat' dir='ltr'><strong>ram</strong></span> <span class='ocrx_word' id='word_1_171' title='bbox 165 2004 314 2065; x_wconf 88' lang='lat' dir='ltr'><strong>admodum</strong></span> <span class='ocrx_word' id='word_1_172' title='bbox 325 2002 476 2082; x_wconf 89' lang='lat' dir='ltr'><strong>lllagorum</strong></span> <span class='ocrx_word' id='word_1_173' title='bbox 490 2003 592 2064; x_wconf 91' lang='lat' dir='ltr'><strong>studiis</strong></span> <span class='ocrx_word' id='word_1_174' title='bbox 605 2005 774 2082; x_wconf 87' lang='lat' dir='ltr'><strong>expetitam,</strong></span> <span class='ocrx_word' id='word_1_175' title='bbox 787 2005 921 2082; x_wconf 90' lang='lat' dir='ltr'><strong>qnoniam</strong></span> <span class='ocrx_word' id='word_1_176' title='bbox 933 2022 991 2064; x_wconf 92' lang='lat' dir='ltr'><strong>uon</strong></span> <span class='ocrx_word' id='word_1_177' title='bbox 1004 2003 1091 2065; x_wconf 88' lang='lat' dir='ltr'><strong>aliubi</strong></span> 
     </span>
     <span class='ocr_line' id='line_1_23' title="bbox 88 2087 702 2165; baseline 0 -18"><span class='ocrx_word' id='word_1_178' title='bbox 88 2089 252 2148; x_wconf 84' lang='lat' dir='ltr'><strong>inveniatur</strong></span> <span class='ocrx_word' id='word_1_179' title='bbox 268 2105 352 2165; x_wconf 91' lang='lat' dir='ltr'><strong>quam</strong></span> <span class='ocrx_word' id='word_1_180' title='bbox 369 2089 399 2146; x_wconf 90' lang='lat' dir='ltr'><strong>in</strong></span> <span class='ocrx_word' id='word_1_181' title='bbox 416 2087 483 2147; x_wconf 93' lang='lat' dir='ltr'><strong>loco</strong></span> <span class='ocrx_word' id='word_1_182' title='bbox 497 2087 617 2148; x_wconf 81' lang='lat' dir='ltr'><strong>fulmine</strong></span> <span class='ocrx_word' id='word_1_183' title='bbox 633 2089 702 2147; x_wconf 88' lang='lat' dir='ltr'><strong>icto.</strong></span> 
     </span>
    </p>

    <p class='ocr_par' dir='ltr' id='par_1_9' title="bbox 89 2169 1134 2333">
     <span class='ocr_line' id='line_1_24' title="bbox 152 2169 1134 2250; baseline 0.006 -22"><span class='ocrx_word' id='word_1_184' title='bbox 152 2169 229 2248; x_wconf 84' lang='lat'><strong>(52.)</strong></span> <span class='ocrx_word' id='word_1_185' title='bbox 248 2169 422 2228; x_wconf 82' lang='lat' dir='ltr'><strong>Proxumum</strong></span> <span class='ocrx_word' id='word_1_186' title='bbox 438 2173 592 2230; x_wconf 90' lang='lat' dir='ltr'><strong>cerauniae</strong></span> <span class='ocrx_word' id='word_1_187' title='bbox 609 2189 714 2232; x_wconf 92' lang='lat' dir='ltr'><strong>nomen</strong></span> <span class='ocrx_word' id='word_1_188' title='bbox 730 2171 805 2250; x_wconf 92' lang='lat' dir='ltr'><strong>apud</strong></span> <span class='ocrx_word' id='word_1_189' title='bbox 822 2189 876 2232; x_wconf 88' lang='lat' dir='ltr'><strong>eos</strong></span> <span class='ocrx_word' id='word_1_190' title='bbox 891 2170 980 2232; x_wconf 90' lang='lat' dir='ltr'><strong>habet</strong></span> <span class='ocrx_word' id='word_1_191' title='bbox 996 2188 1070 2249; x_wconf 90' lang='lat' dir='ltr'><strong>quae</strong></span> <span class='ocrx_word' id='word_1_192' title='bbox 1085 2178 1134 2234; x_wconf 86' lang='grc'><strong>136</strong></span> 
     </span>
     <span class='ocr_line' id='line_1_25' title="bbox 89 2250 1092 2333; baseline 0.003 -23"><span class='ocrx_word' id='word_1_193' title='bbox 89 2260 210 2312; x_wconf 87' lang='lat' dir='ltr'><strong>vocatur</strong></span> <span class='ocrx_word' id='word_1_194' title='bbox 225 2253 285 2310; x_wconf 93' lang='lat' dir='ltr'><strong>iris.</strong></span> <span class='ocrx_word' id='word_1_195' title='bbox 329 2250 466 2310; x_wconf 83' lang='lat' dir='ltr'><strong>effoditur</strong></span> <span class='ocrx_word' id='word_1_196' title='bbox 482 2253 511 2310; x_wconf 92' lang='lat' dir='ltr'><strong>in</strong></span> <span class='ocrx_word' id='word_1_197' title='bbox 536 2252 655 2330; x_wconf 93' lang='lat' dir='ltr'><strong>quadam</strong></span> <span class='ocrx_word' id='word_1_198' title='bbox 678 2255 771 2314; x_wconf 90' lang='lat' dir='ltr'><strong>insula</strong></span> <span class='ocrx_word' id='word_1_199' title='bbox 792 2254 883 2314; x_wconf 91' lang='lat' dir='ltr'><strong>Rubri</strong></span> <span class='ocrx_word' id='word_1_200' title='bbox 907 2256 993 2314; x_wconf 89' lang='lat' dir='ltr'><strong>maris</strong></span> <span class='ocrx_word' id='word_1_201' title='bbox 1017 2272 1092 2333; x_wconf 91' lang='lat' dir='ltr'><strong>quae</strong></span> 
     </span>
    </p>

    <p class='ocr_par' dir='ltr' id='par_1_10' title="bbox 53 2333 1092 2745">
     <span class='ocr_line' id='line_1_26' title="bbox 53 2333 1090 2414; baseline 0.001 -22"><span class='ocrx_word' id='word_1_202' title='bbox 53 2352 79 2392; x_wconf 82' lang='lat' dir='ltr'><strong>rs</strong></span> <span class='ocrx_word' id='word_1_203' title='bbox 89 2335 176 2396; x_wconf 89' lang='lat' dir='ltr'><strong>distat</strong></span> <span class='ocrx_word' id='word_1_204' title='bbox 196 2334 368 2394; x_wconf 89' lang='lat' dir='ltr'><strong>aBerenice</strong></span> <span class='ocrx_word' id='word_1_205' title='bbox 384 2333 456 2393; x_wconf 88' lang='lat' dir='ltr'><strong>urbe</strong></span> <span class='ocrx_word' id='word_1_206' title='bbox 473 2336 527 2401; x_wconf 60' lang='grc' dir='ltr'>ᾗ</span> <span class='ocrx_word' id='word_1_207' title='bbox 540 2352 629 2412; x_wconf 83' lang='lat' dir='ltr'><strong>pass,</strong></span> <span class='ocrx_word' id='word_1_208' title='bbox 650 2345 749 2396; x_wconf 91' lang='lat' dir='ltr'><strong>cetera</strong></span> <span class='ocrx_word' id='word_1_209' title='bbox 765 2338 808 2395; x_wconf 94' lang='lat' dir='ltr'><strong>sui</strong></span> <span class='ocrx_word' id='word_1_210' title='bbox 824 2346 907 2414; x_wconf 88' lang='lat' dir='ltr'><strong>parte</strong></span> <span class='ocrx_word' id='word_1_211' title='bbox 925 2337 1090 2412; x_wconf 75' lang='lat' dir='ltr'><strong>crystallus.</strong></span> 
     </span>
     <span class='ocr_line' id='line_1_27' title="bbox 88 2416 1092 2498; baseline -0.002 -19"><span class='ocrx_word' id='word_1_212' title='bbox 88 2421 185 2498; x_wconf 91' lang='lat' dir='ltr'><strong>itaque</strong></span> <span class='ocrx_word' id='word_1_213' title='bbox 201 2417 314 2496; x_wconf 93' lang='lat' dir='ltr'><strong>quidam</strong></span> <span class='ocrx_word' id='word_1_214' title='bbox 330 2434 391 2477; x_wconf 92' lang='lat' dir='ltr'><strong>eam</strong></span> <span class='ocrx_word' id='word_1_215' title='bbox 408 2416 534 2477; x_wconf 91' lang='lat' dir='ltr'><strong>radicem</strong></span> <span class='ocrx_word' id='word_1_216' title='bbox 549 2417 678 2492; x_wconf 77' lang='lat' dir='ltr'><strong>crystalli</strong></span> <span class='ocrx_word' id='word_1_217' title='bbox 697 2437 765 2479; x_wconf 88' lang='lat' dir='ltr'><strong>esse</strong></span> <span class='ocrx_word' id='word_1_218' title='bbox 783 2418 927 2480; x_wconf 82' lang='lat' dir='ltr'><strong>dixerunt.</strong></span> <span class='ocrx_word' id='word_1_219' title='bbox 952 2438 991 2478; x_wconf 91' lang='lat' dir='ltr'><strong>ex</strong></span> <span class='ocrx_word' id='word_1_220' title='bbox 1007 2437 1092 2496; x_wconf 90' lang='lat' dir='ltr'><strong>argu·</strong></span> 
     </span>
     <span class='ocr_line' id='line_1_28' title="bbox 88 2500 1091 2581; baseline -0.002 -20"><span class='ocrx_word' id='word_1_221' title='bbox 88 2512 186 2563; x_wconf 89' lang='lat' dir='ltr'><strong>mento</strong></span> <span class='ocrx_word' id='word_1_222' title='bbox 208 2508 329 2561; x_wconf 82' lang='lat' dir='ltr'><strong>vocatur</strong></span> <span class='ocrx_word' id='word_1_223' title='bbox 343 2502 413 2577; x_wconf 87' lang='lat' dir='ltr'><strong>iris,</strong></span> <span class='ocrx_word' id='word_1_224' title='bbox 437 2519 500 2561; x_wconf 91' lang='lat' dir='ltr'><strong>nam</strong></span> <span class='ocrx_word' id='word_1_225' title='bbox 522 2500 575 2560; x_wconf 91' lang='lat' dir='ltr'><strong>sub</strong></span> <span class='ocrx_word' id='word_1_226' title='bbox 595 2509 674 2560; x_wconf 88' lang='lat' dir='ltr'><strong>tecto</strong></span> <span class='ocrx_word' id='word_1_227' title='bbox 691 2519 831 2580; x_wconf 87' lang='lat' dir='ltr'><strong>percussa</strong></span> <span class='ocrx_word' id='word_1_228' title='bbox 846 2503 911 2562; x_wconf 88' lang='lat' dir='ltr'><strong>sole</strong></span> <span class='ocrx_word' id='word_1_229' title='bbox 927 2504 1045 2581; x_wconf 89' lang='lat' dir='ltr'><strong>species</strong></span> <span class='ocrx_word' id='word_1_230' title='bbox 1061 2508 1091 2561; x_wconf 89' lang='lat' dir='ltr'><strong>et</strong></span> 
     </span>
     <span class='ocr_line' id='line_1_29' title="bbox 88 2584 1091 2663; baseline -0.002 -18"><span class='ocrx_word' id='word_1_231' title='bbox 88 2586 207 2645; x_wconf 90' lang='lat' dir='ltr'><strong>colores</strong></span> <span class='ocrx_word' id='word_1_232' title='bbox 224 2602 307 2644; x_wconf 91' lang='lat' dir='ltr'><strong>arcus</strong></span> <span class='ocrx_word' id='word_1_233' title='bbox 323 2584 461 2643; x_wconf 91' lang='lat' dir='ltr'><strong>caelestis</strong></span> <span class='ocrx_word' id='word_1_234' title='bbox 477 2585 507 2644; x_wconf 92' lang='lat' dir='ltr'><strong>in</strong></span> <span class='ocrx_word' id='word_1_235' title='bbox 521 2601 678 2663; x_wconf 90' lang='lat' dir='ltr'><strong>proxumos</strong></span> <span class='ocrx_word' id='word_1_236' title='bbox 695 2586 824 2662; x_wconf 90' lang='lat' dir='ltr'><strong>parietes</strong></span> <span class='ocrx_word' id='word_1_237' title='bbox 841 2585 1012 2662; x_wconf 87' lang='lat' dir='ltr'><strong>eiaculatur,</strong></span> <span class='ocrx_word' id='word_1_238' title='bbox 1024 2585 1091 2644; x_wconf 92' lang='lat' dir='ltr'><strong>sub·</strong></span> 
     </span>
     <span class='ocr_line' id='line_1_30' title="bbox 88 2666 1089 2745; baseline -0.001 -18"><span class='ocrx_word' id='word_1_239' title='bbox 88 2668 155 2727; x_wconf 90' lang='lat' dir='ltr'><strong>inde</strong></span> <span class='ocrx_word' id='word_1_240' title='bbox 174 2675 287 2726; x_wconf 89' lang='lat' dir='ltr'><strong>mutans</strong></span> <span class='ocrx_word' id='word_1_241' title='bbox 315 2684 475 2744; x_wconf 88' lang='lat' dir='ltr'><strong>magnaque</strong></span> <span class='ocrx_word' id='word_1_242' title='bbox 496 2669 638 2728; x_wconf 86' lang='lat' dir='ltr'><strong>varietate</strong></span> <span class='ocrx_word' id='word_1_243' title='bbox 664 2666 882 2727; x_wconf 87' lang='lat' dir='ltr'><strong>admirationem</strong></span> <span class='ocrx_word' id='word_1_244' title='bbox 904 2669 948 2727; x_wconf 89' lang='lat' dir='ltr'><strong>sui</strong></span> <span class='ocrx_word' id='word_1_245' title='bbox 969 2685 1089 2745; x_wconf 81' lang='lat' dir='ltr'><strong>augens.</strong></span> 
     </span>
    </p>

    <p class='ocr_par' dir='ltr' id='par_1_11' title="bbox 53 2749 1132 3163">
     <span class='ocr_line' id='line_1_31' title="bbox 53 2749 1131 2830; baseline 0.003 -18"><span class='ocrx_word' id='word_1_246' title='bbox 53 2750 275 2827; x_wconf 63' lang='lat' dir='ltr'><strong>”sexangulam</strong></span> <span class='ocrx_word' id='word_1_247' title='bbox 291 2768 359 2810; x_wconf 89' lang='lat' dir='ltr'><strong>esse</strong></span> <span class='ocrx_word' id='word_1_248' title='bbox 375 2758 405 2809; x_wconf 95' lang='lat' dir='ltr'><strong>ut</strong></span> <span class='ocrx_word' id='word_1_249' title='bbox 418 2749 584 2826; x_wconf 75' lang='lat' dir='ltr'><strong>crystallum</strong></span> <span class='ocrx_word' id='word_1_250' title='bbox 600 2759 725 2829; x_wconf 91' lang='lat' dir='ltr'><strong>constat,</strong></span> <span class='ocrx_word' id='word_1_251' title='bbox 738 2751 791 2810; x_wconf 87' lang='lat' dir='ltr'><strong>sed</strong></span> <span class='ocrx_word' id='word_1_252' title='bbox 806 2751 894 2830; x_wconf 89' lang='lat' dir='ltr'><strong>aliqui</strong></span> <span class='ocrx_word' id='word_1_253' title='bbox 906 2751 1018 2811; x_wconf 88' lang='lat' dir='ltr'><strong>scabris</strong></span> <span class='ocrx_word' id='word_1_254' title='bbox 1030 2751 1070 2810; x_wconf 91' lang='lat' dir='ltr'><strong>la·</strong></span> <span class='ocrx_word' id='word_1_255' title='bbox 1082 2760 1131 2815; x_wconf 86' lang='grc'><strong>137</strong></span> 
     </span>
     <span class='ocr_line' id='line_1_32' title="bbox 88 2832 1088 2914; baseline 0 -20"><span class='ocrx_word' id='word_1_256' title='bbox 88 2835 200 2895; x_wconf 89' lang='lat' dir='ltr'><strong>teribus</strong></span> <span class='ocrx_word' id='word_1_257' title='bbox 224 2842 253 2894; x_wconf 86' lang='lat' dir='ltr'><strong>et</strong></span> <span class='ocrx_word' id='word_1_258' title='bbox 276 2832 388 2910; x_wconf 89' lang='lat' dir='ltr'><strong>angulis</strong></span> <span class='ocrx_word' id='word_1_259' title='bbox 412 2834 612 2912; x_wconf 90' lang='lat' dir='ltr'><strong>inaequalibus</strong></span> <span class='ocrx_word' id='word_1_260' title='bbox 636 2833 733 2893; x_wconf 94' lang='lat' dir='ltr'><strong>dicunt</strong></span> <span class='ocrx_word' id='word_1_261' title='bbox 757 2835 786 2893; x_wconf 90' lang='lat' dir='ltr'><strong>in</strong></span> <span class='ocrx_word' id='word_1_262' title='bbox 808 2835 873 2894; x_wconf 90' lang='lat' dir='ltr'><strong>sole</strong></span> <span class='ocrx_word' id='word_1_263' title='bbox 895 2842 999 2913; x_wconf 86' lang='lat' dir='ltr'><strong>aperto</strong></span> <span class='ocrx_word' id='word_1_264' title='bbox 1020 2850 1088 2914; x_wconf 90' lang='lat' dir='ltr'><strong>pro·</strong></span> 
     </span>
     <span class='ocr_line' id='line_1_33' title="bbox 87 2916 1088 2995; baseline -0.001 -17"><span class='ocrx_word' id='word_1_265' title='bbox 87 2920 192 2978; x_wconf 85' lang='lat' dir='ltr'><strong>lectam</strong></span> <span class='ocrx_word' id='word_1_266' title='bbox 214 2917 311 2977; x_wconf 92' lang='lat' dir='ltr'><strong>radios</strong></span> <span class='ocrx_word' id='word_1_267' title='bbox 332 2918 410 2977; x_wconf 90' lang='lat' dir='ltr'><strong>inse</strong></span> <span class='ocrx_word' id='word_1_268' title='bbox 433 2917 562 2977; x_wconf 92' lang='lat' dir='ltr'><strong>cadentis</strong></span> <span class='ocrx_word' id='word_1_269' title='bbox 578 2916 742 2994; x_wconf 88' lang='lat' dir='ltr'><strong>discutere,</strong></span> <span class='ocrx_word' id='word_1_270' title='bbox 765 2916 862 2995; x_wconf 89' lang='lat' dir='ltr'><strong>aliquo</strong></span> <span class='ocrx_word' id='word_1_271' title='bbox 880 2926 1036 2978; x_wconf 81' lang='lat' dir='ltr'><strong>vernante</strong></span> <span class='ocrx_word' id='word_1_272' title='bbox 1055 2936 1088 2977; x_wconf 90' lang='lat' dir='ltr'><strong>se</strong></span> 
     </span>
     <span class='ocr_line' id='line_1_34' title="bbox 87 3000 1088 3079; baseline -0.002 -19"><span class='ocrx_word' id='word_1_273' title='bbox 87 3003 224 3079; x_wconf 90' lang='lat' dir='ltr'><strong>proiecto</strong></span> <span class='ocrx_word' id='word_1_274' title='bbox 241 3003 338 3061; x_wconf 90' lang='lat' dir='ltr'><strong>nitore</strong></span> <span class='ocrx_word' id='word_1_275' title='bbox 352 3001 512 3061; x_wconf 88' lang='lat' dir='ltr'><strong>adiacentia</strong></span> <span class='ocrx_word' id='word_1_276' title='bbox 529 3000 693 3060; x_wconf 88' lang='lat' dir='ltr'><strong>inlustrare.</strong></span> <span class='ocrx_word' id='word_1_277' title='bbox 718 3000 837 3060; x_wconf 88' lang='lat' dir='ltr'><strong>colores</strong></span> <span class='ocrx_word' id='word_1_278' title='bbox 851 3010 1017 3061; x_wconf 91' lang='lat' dir='ltr'><strong>autemnon</strong></span> <span class='ocrx_word' id='word_1_279' title='bbox 1033 3001 1088 3060; x_wconf 91' lang='lat' dir='ltr'><strong>nisi</strong></span> 
     </span>
     <span class='ocr_line' id='line_1_35' title="bbox 89 3082 1132 3163; baseline -0.003 -19"><span class='ocrx_word' id='word_1_280' title='bbox 89 3103 127 3144; x_wconf 87' lang='lat' dir='ltr'><strong>ex</strong></span> <span class='ocrx_word' id='word_1_281' title='bbox 143 3101 247 3163; x_wconf 90' lang='lat' dir='ltr'><strong>opaco,</strong></span> <span class='ocrx_word' id='word_1_282' title='bbox 263 3091 294 3143; x_wconf 94' lang='lat' dir='ltr'><strong>ut</strong></span> <span class='ocrx_word' id='word_1_283' title='bbox 309 3082 442 3161; x_wconf 90' lang='lat' dir='ltr'><strong>diximus,</strong></span> <span class='ocrx_word' id='word_1_284' title='bbox 459 3083 599 3160; x_wconf 89' lang='lat' dir='ltr'><strong>reddunt,</strong></span> <span class='ocrx_word' id='word_1_285' title='bbox 616 3102 671 3143; x_wconf 88' lang='lat' dir='ltr'><strong>nec</strong></span> <span class='ocrx_word' id='word_1_286' title='bbox 686 3092 717 3143; x_wconf 92' lang='lat' dir='ltr'><strong>ut</strong></span> <span class='ocrx_word' id='word_1_287' title='bbox 731 3085 812 3163; x_wconf 89' lang='lat' dir='ltr'><strong>ipsae</strong></span> <span class='ocrx_word' id='word_1_288' title='bbox 827 3083 971 3161; x_wconf 88' lang='lat' dir='ltr'><strong>babeant,</strong></span> <span class='ocrx_word' id='word_1_289' title='bbox 988 3082 1041 3144; x_wconf 93' lang='lat' dir='ltr'><strong>sed</strong></span> <span class='ocrx_word' id='word_1_290' title='bbox 1055 3091 1086 3142; x_wconf 90' lang='lat' dir='ltr'><strong>ut</strong></span> <span class='ocrx_word' id='word_1_291' title='bbox 1099 3103 1132 3138; x_wconf 77' lang='lat' dir='ltr'><strong>m</strong></span> 
     </span>
    </p>

    <p class='ocr_par' dir='ltr' id='par_1_12' title="bbox 54 3167 1130 3495">
     <span class='ocr_line' id='line_1_36' title="bbox 54 3167 1088 3246; baseline 0 -20"><span class='ocrx_word' id='word_1_292' title='bbox 54 3177 79 3218; x_wconf 70' lang='lat' dir='ltr'><strong>tt</strong></span> <span class='ocrx_word' id='word_1_293' title='bbox 88 3185 265 3246; x_wconf 89' lang='lat' dir='ltr'><strong>repercussu</strong></span> <span class='ocrx_word' id='word_1_294' title='bbox 285 3168 427 3244; x_wconf 88' lang='lat' dir='ltr'><strong>parietum</strong></span> <span class='ocrx_word' id='word_1_295' title='bbox 449 3167 574 3243; x_wconf 88' lang='lat' dir='ltr'><strong>elidant,</strong></span> <span class='ocrx_word' id='word_1_296' title='bbox 601 3175 717 3245; x_wconf 88' lang='lat' dir='ltr'><strong>optuma</strong></span> <span class='ocrx_word' id='word_1_297' title='bbox 739 3185 813 3246; x_wconf 90' lang='lat' dir='ltr'><strong>quae</strong></span> <span class='ocrx_word' id='word_1_298' title='bbox 831 3184 980 3227; x_wconf 86' lang='lat' dir='ltr'><strong>maxumas</strong></span> <span class='ocrx_word' id='word_1_299' title='bbox 1005 3184 1088 3227; x_wconf 87' lang='lat' dir='ltr'><strong>arcus</strong></span> 
     </span>
     <span class='ocr_line' id='line_1_37' title="bbox 87 3249 1130 3329; baseline 0.003 -18"><span class='ocrx_word' id='word_1_300' title='bbox 87 3252 157 3312; x_wconf 87' lang='lat' dir='ltr'><strong>lacit</strong></span> <span class='ocrx_word' id='word_1_301' title='bbox 173 3249 393 3328; x_wconf 88' lang='lat' dir='ltr'><strong>simillimosque</strong></span> <span class='ocrx_word' id='word_1_302' title='bbox 406 3250 593 3310; x_wconf 91' lang='lat' dir='ltr'><strong>caelestibus.</strong></span> <span class='ocrx_word' id='word_1_303' title='bbox 624 3249 678 3310; x_wconf 83' lang='lat' dir='ltr'><strong>Est</strong></span> <span class='ocrx_word' id='word_1_304' title='bbox 694 3260 724 3311; x_wconf 94' lang='lat' dir='ltr'><strong>et</strong></span> <span class='ocrx_word' id='word_1_305' title='bbox 739 3251 794 3310; x_wconf 92' lang='lat' dir='ltr'><strong>alia</strong></span> <span class='ocrx_word' id='word_1_306' title='bbox 811 3253 898 3329; x_wconf 86' lang='lat' dir='ltr'><strong>initis,</strong></span> <span class='ocrx_word' id='word_1_307' title='bbox 913 3259 1014 3311; x_wconf 88' lang='lat' dir='ltr'><strong>cetera</strong></span> <span class='ocrx_word' id='word_1_308' title='bbox 1030 3252 1130 3314; x_wconf 77' lang='lat' dir='ltr'><strong>st-1ae</strong></span> 
     </span>
     <span class='ocr_line' id='line_1_38' title="bbox 92 3328 1082 3416; baseline -0.016 -16"><span class='ocrx_word' id='word_1_309' title='bbox 92 3341 167 3400; x_wconf 89' lang='lat' dir='ltr'><strong>milis</strong></span> <span class='ocrx_word' id='word_1_310' title='bbox 175 3337 386 3416; x_wconf 90' lang='lat' dir='ltr'><strong>sedpraedura.</strong></span> <span class='ocrx_word' id='word_1_311' title='bbox 399 3333 572 3396; x_wconf 87' lang='lat' dir='ltr'><strong>banellorus</strong></span> <span class='ocrx_word' id='word_1_312' title='bbox 584 3341 738 3393; x_wconf 90' lang='lat' dir='ltr'><strong>crematam</strong></span> <span class='ocrx_word' id='word_1_313' title='bbox 745 3341 913 3407; x_wconf 84' lang='lat' dir='ltr'><strong>tunsumque</strong></span> <span class='ocrx_word' id='word_1_314' title='bbox 921 3328 956 3388; x_wconf 96' lang='lat' dir='ltr'><strong>ad</strong></span> <span class='ocrx_word' id='word_1_315' title='bbox 965 3329 1082 3387; x_wconf 88' lang='lat' dir='ltr'><strong>icbneu-</strong></span> 
     </span>
     <span class='ocr_line' id='line_1_39' title="bbox 93 3409 1079 3495; baseline -0.014 -13"><span class='ocrx_word' id='word_1_316' title='bbox 93 3441 206 3484; x_wconf 91' lang='lat' dir='ltr'><strong>monum</strong></span> <span class='ocrx_word' id='word_1_317' title='bbox 222 3438 336 3481; x_wconf 89' lang='lat' dir='ltr'><strong>morsus</strong></span> <span class='ocrx_word' id='word_1_318' title='bbox 347 3419 477 3481; x_wconf 90' lang='lat' dir='ltr'><strong>remedio</strong></span> <span class='ocrx_word' id='word_1_319' title='bbox 492 3436 561 3478; x_wconf 89' lang='lat' dir='ltr'><strong>esse</strong></span> <span class='ocrx_word' id='word_1_320' title='bbox 572 3417 700 3495; x_wconf 87' lang='lat' dir='ltr'><strong>scripsit,</strong></span> <span class='ocrx_word' id='word_1_321' title='bbox 712 3416 791 3474; x_wconf 91' lang='lat' dir='ltr'><strong>nasci</strong></span> <span class='ocrx_word' id='word_1_322' title='bbox 806 3421 900 3472; x_wconf 88' lang='lat' dir='ltr'><strong>autem</strong></span> <span class='ocrx_word' id='word_1_323' title='bbox 910 3414 939 3471; x_wconf 91' lang='lat' dir='ltr'><strong>in</strong></span> <span class='ocrx_word' id='word_1_324' title='bbox 949 3409 1079 3472; x_wconf 90' lang='lat' dir='ltr'><strong>Perside.</strong></span> 
     </span>
    </p>
   </div>
   <div class='ocr_carea' id='block_1_4' title="bbox 0 0 1194 3840">
    <p class='ocr_par' dir='ltr' id='par_1_13' title="bbox 0 0 1194 3840">
     <span class='ocr_line' id='line_1_40' title="bbox 0 0 1194 3840; baseline 0 1"><span class='ocrx_word' id='word_1_325' title='bbox 0 0 1194 3840; x_wconf 95' lang='lat' dir='ltr'><strong> </strong></span> 
     </span>
    </p>
   </div>
  </div>
 </body>
</html>
