2378 3840
322 195 401 244 unu.
417 195 509 244 nisu.
526 197 659 243 xxxvrr.
677 197 703 247 ὁ.
720 193 744 246 6.
764 181 913 265 (tu-23.)
1055 181 1115 242 157

109 404 116 414 .
181 351 210 411 6.
232 349 312 428 (21.)
334 348 488 410 Minumum
508 349 652 427 iidemque
674 349 833 427 plurumum
855 349 890 407 ab
914 349 951 408 iis
974 347 1156 412 differuntso

117 433 206 512 opali,
227 432 386 511 zmaragdis
399 442 506 493 tantum
521 431 669 492 cedentes.
689 432 768 492 ludia
785 432 854 491 sola
864 440 894 491 et
908 431 1010 490 horum
1021 439 1113 490 mater

118 525 172 576 εει.
194 526 225 575 ιιι
240 519 515 595 pretiosissimarum
528 515 622 592 gloria
635 516 781 594 conpositi
796 532 971 591 gemmarum
982 532 1113 574 maxume

116 599 338 660 inenarrabilem
352 599 549 659 difficultatem
563 598 704 658 adierunt.
728 607 774 658 εει
791 600 819 657 in
836 598 881 657 his
894 597 1060 657 carbunculi
1071 629 1114 642 -

94 683 220 760 aquibus
236 685 353 744 tenuior
367 717 410 727 —
426 683 519 758 iguis,
542 690 587 741 est
603 681 757 759 amethysti
773 681 888 758 fulgens
903 698 1044 759 purpura,
1067 688 1113 740 est

116 766 260 843 zmaragdi
275 769 373 826 virens
389 783 486 842 mere,
508 774 609 825 cuncta
629 767 738 843 pariter
757 764 919 825 incredibili
935 766 1058 824 mixtura
1073 764 1114 823 lu-

115 852 219 910 centia.
255 850 303 910 alii
324 867 459 908 summam
480 849 604 926 fulgoris
619 851 758 908 Armenio
780 848 874 908 colori
896 850 1111 926 pigmentorum
1121 857 1152 912 81

115 950 243 1010 aequare
254 932 393 1009 credunt,
409 932 457 993 alii
473 931 598 1009 sulpuris
612 932 738 992 ardentis
752 932 880 992 flammae
893 938 941 990 aut
956 931 1032 1007 ignis
1046 931 1114 992 oleo

116 1017 240 1075 accensi.
270 1015 436 1092 magnitudo
452 1015 612 1075 abellanam
626 1034 728 1076 nucem
744 1024 864 1093 aequat,
884 1016 1006 1092 insignis
1028 1016 1114 1075 etiam

82 1116 106 1156 ro
116 1098 190 1176 apud
216 1098 372 1175 historias,
407 1098 548 1176 siquidem
584 1107 680 1158 exstat
707 1098 853 1176 hodieque
885 1097 968 1158 huius
995 1100 1114 1175 generis

115 1199 228 1259 gemma
255 1191 378 1261 propter
405 1200 488 1260 quam
510 1181 546 1242 ab
567 1182 697 1242 Antonio
726 1183 907 1261 proscriptus
932 1189 977 1241 est
1002 1180 1114 1240 Nonius

116 1272 254 1343 senator,
281 1265 357 1325 lilius
381 1265 513 1326 Strumae
538 1263 613 1325 Noui
638 1267 701 1326 eius
722 1284 808 1344 quem
830 1264 960 1325 Catullus
981 1273 1069 1344 poeta
1085 1266 1115 1322 in

117 1347 190 1409 sella
219 1349 310 1409 curuli
332 1351 426 1409 visum
453 1347 571 1424 indigne
594 1348 676 1425 tulit,
702 1366 833 1427 avosque
860 1348 967 1408 Servili
989 1346 1115 1408 Noniani

117 1448 203 1509 quem
231 1431 381 1491 consulem
405 1431 535 1490 vidimus.
575 1431 626 1491 ille
653 1433 836 1510 proscriptus
858 1431 974 1507 lugiens
999 1430 1074 1489 huuc
1096 1439 1157 1493 est

83 1534 107 1574 rs
117 1514 241 1573 fortunis
256 1512 388 1573 omnibus
403 1513 516 1573 anulum
531 1513 650 1573 abstulit
666 1531 772 1573 secum.
797 1521 908 1572 certum
923 1520 968 1572 est
985 1513 1115 1572 sesterio

116 1597 226 1655 viciens
247 1598 444 1672 aestimatum,
467 1595 520 1655 sed
540 1599 611 1657 mira
627 1598 737 1656 Antoni
763 1597 866 1656 feritas
890 1604 977 1673 atque
1002 1594 1115 1655 luxuria

118 1686 239 1758 propter
254 1696 396 1756 gemmam
412 1678 643 1757 proscribentis,
665 1698 721 1739 nee
735 1682 827 1739 minus
844 1678 921 1739 Noni
937 1680 1115 1738 contumacia

118 1764 362 1840 proscriptionem
377 1780 456 1822 suam
478 1765 615 1839 amantis,
637 1782 700 1823 cum
715 1765 802 1824 etiam
817 1764 899 1823 ferae
913 1762 1017 1822 abrosa
1033 1770 1116 1838 parte

118 1848 253 1924 eorporis
270 1855 393 1925 propter
412 1863 494 1924 quam
510 1846 669 1925 periclitari
684 1865 717 1906 se
734 1849 826 1906 sciant
853 1845 956 1905 relicta
970 1843 1116 1904 redimere

82 1947 151 1988 rose
168 1929 330 1990 credantur.

178 2012 259 2091 (22.)
281 2012 358 2074 Vitia
378 2015 472 2093 opali,
496 2015 521 2074 si
538 2012 622 2074 color
637 2013 666 2072 in
682 2012 784 2072 florem
806 2011 915 2073 herbae
932 2029 1006 2089 quae
1028 2019 1159 2074 voca-83

119 2104 164 2154 tur
184 2095 391 2174 heliotropium
412 2107 498 2158 exeat
519 2104 567 2156 aut
588 2098 617 2154 in
639 2096 806 2172 crystallum
820 2104 869 2156 aut
888 2095 1074 2173 grandinem,
1091 2096 1115 2153 si

119 2178 161 2237 sel
187 2179 362 2238 interveniat
385 2188 433 2239 aut
456 2179 593 2239 scabritia
612 2188 659 2239 aut
683 2189 789 2258 puncta
811 2179 902 2240 oculis
925 2180 1114 2240 occursantia.

119 2260 214 2319 nullos
239 2263 330 2336 magis
357 2261 435 2320 fraus
466 2260 622 2320 indiscreta
648 2263 834 2322 similitudine
860 2265 937 2322 vitro
962 2261 1114 2322 adulterat.

83 2345 350 2422 ssexperimentum
377 2345 406 2403 in
432 2345 498 2404 sole
529 2351 652 2420 tantum,
680 2343 761 2403 falsis
789 2346 863 2404 enim
889 2354 991 2404 contra
1019 2342 1116 2403 radios

118 2427 233 2487 libratis
248 2427 340 2504 digito
356 2446 389 2488 ao
406 2427 533 2506 pollice,
556 2445 627 2485 unus
644 2435 731 2505 atque
748 2427 824 2487 idem
841 2427 964 2487 tralucet
985 2427 1068 2486 colos
1087 2429 1116 2484 in

119 2529 152 2570 se
169 2519 363 2590 consumptus.
385 2513 447 2573 veri
463 2511 561 2588 fulgor
578 2509 700 2570 subinde
714 2512 842 2571 variatur
857 2519 887 2571 et
904 2510 989 2570 modo
1007 2527 1045 2568 ex
1060 2509 1117 2568 hoc

119 2594 183 2671 plus
202 2595 287 2654 modo
312 2613 350 2654 ex
368 2595 418 2654 illo
435 2597 565 2674 spargit,
587 2593 741 2672 fulgorque
762 2596 834 2655 lueis
857 2597 886 2653 in
902 2593 1010 2670 digitos
1026 2591 1118 2651 fundi·

120 2684 173 2735 tur.
210 2674 289 2736 Hanc
306 2695 446 2753 gemmam
470 2687 593 2757 propter
615 2679 747 2738 eximiam
771 2678 891 2754 gratiam
912 2677 1045 2755 plerique
1066 2685 1160 2752 ap·84

85 2758 271 2836 aopellavere
286 2760 456 2837 paederota.
480 2764 527 2840 qui
544 2763 685 2841 privatum
701 2775 793 2834 genus
810 2758 872 2815 eius
890 2760 999 2820 faciunt
1013 2777 1117 2836 sange·

120 2859 178 2901 non
198 2842 234 2902 ah
250 2840 327 2902 ludis
343 2846 440 2904 vocari
460 2844 580 2904 tradunt.
616 2846 694 2903 nasci
712 2843 815 2904 dicitur
835 2845 865 2902 in
880 2842 1018 2921 Aegypto
1039 2852 1071 2903 et
1088 2844 1118 2902 in

120 2924 248 3002 Arabia,
269 2933 298 2985 et
320 2926 457 2988 vilissima
475 2929 504 2986 in
525 2925 637 3004 Ponto,
659 2929 727 2988 item
742 2927 771 2986 in
788 2925 898 2988 Galatia
918 2945 952 2987 ac
967 2925 1062 2987 Thaso
1086 2934 1116 2986 et

121 3006 228 3086 Cypro.
263 3011 311 3086 qui
333 3010 487 3087 praecellit
503 3028 548 3068 ex
568 3011 612 3070 his
635 3011 711 3088 opali
732 3011 848 3089 quidem
873 3012 997 3088 gratiam
1016 3010 1116 3083 hahet,

121 3089 173 3150 sed
189 3091 303 3151 mollius
327 3094 416 3169 nitet,
440 3111 507 3154 raro
533 3111 590 3152 non
612 3093 724 3154 scaber.
756 3112 864 3154 summa
885 3093 928 3153 illi
949 3092 1058 3152 coloris
1080 3110 1118 3151 ex

85 3192 194 3234 acuere
224 3184 253 3234 et
283 3193 409 3253 purpura
438 3184 569 3252 constat,
598 3176 727 3236 viriditas
756 3177 899 3254 zmaragdi
926 3176 1019 3235 deest.
1058 3194 1117 3235 me·

122 3258 177 3318 lior
198 3257 248 3318 ille
272 3259 352 3318 cuius
374 3261 472 3337 fulgor
495 3261 552 3319 vini
578 3260 679 3320 colore
704 3263 832 3321 fuscatur
858 3277 941 3337 quam
966 3261 1014 3337 qui
1036 3259 1117 3320 dilui-

122 3350 198 3402 tura
219 3360 282 3402 uae.

180 3361 263 3505 (33.)
286 3425 430 3487 Hactenus
447 3427 482 3487 de
498 3430 659 3506 principatu
672 3429 809 3488 convenit
823 3427 974 3488 mulierum
984 3444 1114 3486 maxume
1125 3435 1161 3486 85
