2378 3840
100 152 159 212 120
440 161 588 210 c.rn1ur
611 161 761 211 succuum

100 335 192 396 opere
216 325 246 376 et
266 323 389 394 peracto
404 315 526 376 fluminis
543 318 718 395 inrigatione
734 315 849 392 dilutis,
864 315 912 375 alii
924 314 1064 375 lateribus
1081 335 1101 377 e

99 402 160 461 luto
178 401 263 461 iactis
280 408 447 460 exstructos
462 402 579 478 pontis,
596 409 715 479 peracto
733 416 825 477 opere
841 398 982 459 lateribus
999 400 1029 458 in
1041 401 1100 477 pri·

101 493 182 546 vatas
199 484 300 544 domos
323 482 502 560 distributis,
519 482 615 543 Nilum
637 486 713 544 enim
735 500 792 542 non
812 491 912 560 putant
935 484 1033 558 rigare
1048 500 1103 561 po·

99 570 191 628 tuisse
203 566 294 626 multo
304 566 493 626 humiliorem.
510 568 540 626 in
551 567 698 645 pyramide
710 584 839 626 maxuma
847 574 894 626 est
905 568 981 626 intus
993 573 1100 644 puteus

100 652 249 729 octoginta
271 668 326 709 sex
346 650 526 726 cubitorum,
549 649 654 712 flumen
674 651 725 711 illo
739 649 894 709 admissum
915 648 1126 710 arbitrantur.u

55 746 90 800 82
102 733 267 794 llensuram
278 732 436 792 altitudinis
452 751 548 794 earum
559 751 729 813 omnemque
743 732 865 792 similem
878 731 1103 810 deprehendere

102 819 213 878 invenit
229 815 334 875 Thales
351 814 483 876 Milesius
499 816 627 877 umbram
643 816 789 878 metiendo
806 833 862 893 qua
877 815 949 876 hora
964 833 1016 893 par
1032 834 1101 877 esse

101 902 219 978 corpori
235 900 324 960 solet.
353 899 426 959 haec
443 909 509 959 sunt
526 902 702 979 pyramidum
713 899 860 975 miracula,
878 916 1102 978 supremumque

57 990 61 995 '
100 983 170 1043 illud
179 1026 189 1061 ,
205 1002 242 1042 nc
259 984 322 1060 quis
341 1001 442 1060 regum
461 1000 534 1062 opes
550 985 688 1060 miretur,
705 986 855 1043 minumam
870 1000 909 1043 ex
923 981 959 1041 ris
975 981 1028 1041 sed
1043 982 1102 1042 lau·

99 1067 274 1127 datissimam
291 1065 496 1145 allhodopide
518 1068 704 1129 meretricula
726 1069 837 1128 laetam.
872 1064 987 1143 Aesopi
1009 1065 1142 1125 sabel-ro

99 1151 189 1210 larum
214 1149 382 1227 philosophi
404 1167 547 1210 conserva
570 1152 711 1228 quondam
738 1159 768 1210 ct
789 1148 1006 1210 contubernalis
1030 1149 1103 1209 haec

98 1235 162 1309 fuit,
177 1235 287 1292 maiore
302 1231 440 1291 miraculo
458 1241 549 1293 tantas
563 1251 636 1312 opes
648 1235 815 1294 meretricio
831 1251 900 1292 esse
913 1232 1100 1312 conquisitas.

56 1328 91 1382 83
165 1315 247 1394 (18.)
270 1313 471 1391 Magnificatur
492 1324 523 1375 et
542 1316 599 1376 alia
621 1319 709 1376 turris
730 1336 746 1377 a
764 1334 838 1393 rege
860 1316 935 1375 iacta
955 1317 985 1375 in
1008 1315 1102 1376 insula

100 1399 196 1459 Pharo
210 1406 325 1477 portum
338 1399 491 1475 optinente
501 1394 717 1478 Alexandreae,
729 1418 812 1479 quam
824 1400 995 1459 constitisse
1008 1401 1101 1459 octin-

99 1484 196 1560 gentis
222 1482 339 1542 talentis
359 1481 489 1559 tradunt,
518 1502 622 1561 magno
639 1486 750 1563 animo,
777 1502 814 1543 ne
840 1482 908 1561 quid
927 1485 1101 1559 omittamus,
1112 1499 1137 1540 ιι

99 1566 260 1627 Ptolemaei
281 1567 362 1643 regis
383 1583 440 1643 quo
462 1568 492 1626 in
514 1585 549 1627 ea
571 1569 737 1645 permiserit
756 1567 881 1627 Sostrati
901 1563 994 1626 Cnidii
1011 1566 1103 1627 archi·

100 1652 171 1710 tecti
187 1658 332 1710 structura
352 1650 417 1727 ipsa
433 1667 539 1711 nomen
557 1652 685 1712 inscribi,
722 1671 791 1712 usus
808 1653 871 1711 eius
894 1659 1038 1710 nocturno
1055 1669 1103 1711 na·

99 1735 176 1793 vlum
196 1752 283 1792 cursu
304 1734 381 1811 ignis
405 1734 563 1795 ostendere
584 1736 619 1795 ad
642 1735 867 1814 praenuntianda
889 1733 961 1792 vada
987 1742 1103 1812 portus·

100 1835 157 1895 que
179 1818 344 1895 introitum,
368 1816 470 1895 quales
492 1819 545 1876 iarn
566 1819 755 1897 conpluribus
772 1818 845 1878 locis
865 1817 1003 1895 llagrant,
1027 1818 1103 1877 sicut

99 1899 200 1961 Ostiae
216 1918 250 1960 ac
263 1899 431 1961 Ravennae.
469 1902 628 1978 periculum
643 1904 672 1961 io
687 1903 904 1962 continuatione
919 1901 1043 1978 ignium,
1064 1919 1102 1960 ne
1112 1916 1141 1956 aa

99 1984 179 2044 sidus
202 1985 403 2059 existimetur,
425 1987 559 2061 quoniam
581 2003 598 2044 e
622 1985 784 2065 longinquo
806 1984 908 2044 similis
930 1983 1103 2044 flammarum

101 2067 256 2145 adspectus
273 2075 327 2125 cst.
353 2064 408 2124 Hic
421 2065 498 2126 idem
509 2067 686 2128 architectus
702 2070 811 2148 primus
824 2071 948 2129 omnium
959 2066 1102 2146 pensilem

100 2150 323 2209 ambulationem
339 2147 421 2209 Cnidi
439 2150 550 2211 fecisse
567 2151 697 2212 traditur.

55 2243 90 2298 84
168 2234 214 2294 13.
233 2233 316 2312 (19.)
338 2232 472 2293 Dicamus
490 2244 520 2294 et
535 2235 735 2315 labyrinthos,
751 2237 801 2297 vel
815 2237 1103 2316 portentosissimum

99 2316 213 2377 humani
228 2317 347 2396 inpendi
364 2335 454 2396 opus,
472 2319 614 2398 sednon,
633 2330 664 2381 ut
681 2323 840 2383 existimari
856 2327 974 2397 potest,
990 2319 1140 2378 falsumne

101 2402 144 2481 [1]
170 2401 262 2462 Durat
292 2403 445 2461 etiamnum
472 2404 501 2462 in
524 2403 664 2482 Aegypto
685 2402 922 2480 lleracleopolite
946 2418 1033 2460 nomo
1054 2403 1102 2476 qui

99 2488 208 2564 primus
224 2486 317 2546 factus
335 2494 462 2546 estante
480 2504 589 2565 annos,
606 2497 638 2546 ut
652 2488 784 2561 tradunt,
801 2503 840 2544 00
850 2503 890 2544 00
902 2501 941 2542 σο
952 2480 1004 2541 DG
1017 2500 1034 2542 a
1048 2481 1103 2542 Pe·

97 2570 211 2629 tesuohi
227 2588 300 2647 rege
321 2571 384 2628 sive
401 2567 522 2646 Tithoe,
545 2587 713 2648 quamquam
727 2565 894 2627 llerodotus
914 2574 1005 2626 toturn
1027 2582 1103 2644 opus

98 2650 154 2712 Xll
181 2670 283 2730 regum
311 2671 379 2712 esse
407 2651 477 2712 dicit
503 2653 712 2728 novissimique
733 2648 943 2711 Psammetichi.
1002 2667 1103 2710 causas

97 2735 222 2794 faciendi
244 2737 326 2795 varie
346 2736 584 2814 interpretantur.
623 2732 795 2794 Damoteles
818 2737 929 2812 regiam
946 2732 1099 2795 Moteridis
1110 2754 1137 2794 ao

98 2820 208 2894 fuisse,
231 2818 344 2893 hyceas
366 2819 549 2896 sepulchrum
563 2816 722 2896 Moeridis,
749 2818 848 2896 plures
866 2818 928 2878 Soli
945 2835 1057 2879 sacrum
1073 2817 1102 2877 id

58 2914 91 2968 85
105 2909 301 2978 exstructum,
325 2901 403 2979 quod
424 2919 555 2960 maxume
569 2900 705 2963 creditur.
753 2902 796 2982 [2]
822 2901 895 2962 Hinc
909 2903 1010 2980 utique
1026 2918 1101 2961 sum·

96 2987 192 3065 psisse
204 2983 362 3044 Daedalum
373 2983 522 3061 exemplar
535 2986 597 3043 eius
613 2984 768 3060 labyrinthi
783 3004 868 3065 quem
885 2987 956 3046 lecit
971 2982 1101 3044 increta
1120 2996 1128 3009 ⁴

96 3088 155 3130 non
171 3077 216 3130 est
233 3068 365 3144 dubium,
386 3068 438 3127 sed
454 3069 642 3129 centesimam
657 3078 765 3129 tantum
777 3071 943 3148 portionem
959 3071 1022 3129 cius
1038 3069 1100 3127 imi·

98 3162 187 3214 tatum
205 3171 279 3232 quae
296 3154 431 3211 itinerum
446 3151 585 3230 ambages
608 3171 805 3231 occursusque
820 3170 853 3213 ac
867 3171 1004 3213 recursus
1020 3154 1134 3211 inex-as

97 3236 242 3318 plicabilis
268 3237 413 3311 continet,
441 3252 500 3294 non
518 3270 561 3280 —
588 3245 618 3296 ut
646 3240 675 3297 in
704 3239 876 3316 pavimentis
902 3252 1099 3315 puerorumve

97 3322 215 3383 ludicris
239 3319 449 3398 campestribus
476 3320 607 3381 videmus
635 3356 678 3367 -
703 3322 786 3382 brevi
811 3320 914 3381 lacinia
937 3318 1015 3379 milia
1035 3335 1099 3394 pas·

86 3424 174 3464 suum
192 3405 285 3482 plura
303 3403 505 3465 ambulationis
526 3407 740 3482 continentem,
767 3403 820 3464 scd
848 3402 961 3464 crebris
985 3400 1098 3460 loribus
