2378 3840
156 213 213 273 178
503 217 806 271 c.rmu1sncuuo1

154 380 280 440 tissimae
294 380 363 438 liunt
377 379 473 438 verius
485 395 567 456 quom
578 385 732 437 nascuntur
745 377 774 435 in
786 376 893 436 Arabia
907 379 1033 456 repertis
1046 379 1147 455 ingen·

154 462 228 522 tibus
251 462 364 540 glaebis
389 480 459 538 quas
486 460 572 521 melle
597 461 719 539 excoqui
749 459 861 519 tradunt
885 463 1015 539 septenis
1042 462 1146 521 diebus

153 545 344 624 noctibusque
360 548 422 605 siue
438 545 669 619 intermissione,
692 545 731 602 ita
750 545 824 602 omni
843 552 960 604 terreno
980 546 1146 624 vitiosoque

153 628 277 688 decusso
293 637 441 707 purgatam
457 646 613 707 puramque
629 627 762 704 glaebam
774 627 912 686 artilicum
928 629 1047 704 ingenio
1065 631 1145 688 varie

154 712 286 770 distribui
302 715 331 771 in
347 730 435 772 venas
454 712 612 789 ductusque
632 708 803 770 macularum
823 728 906 787 quam
929 729 1058 775 maxume
1077 730 1168 771 ven-s

154 794 234 860 dibili
256 797 369 854 ratione
398 796 573 870 secantium,
603 793 801 871 quondamque
822 801 917 853 tantae
941 794 1146 870 magnitudinis

153 877 244 936 iactas
269 887 298 936 ut
321 879 404 956 equis
427 896 527 954 regum
548 880 577 936 in
599 879 712 937 oriente
731 876 866 936 frontalia
887 895 920 936 ac
941 894 993 955 pro
1017 877 1145 955 phaleris

113 971 161 1024 195
173 961 297 1038 pensilia
317 962 456 1022 lacerent.
492 960 529 1020 Et
548 961 623 1020 alias.
639 979 738 1020 omnes
758 978 887 1036 gemmae
905 961 998 1020 mellis
1022 960 1146 1020 decoctu

154 1045 315 1120 nitescunt,
344 1047 499 1123 praecipue
531 1042 641 1103 Corsici
668 1045 697 1103 in
723 1045 797 1103 omni
824 1043 880 1102 alio
912 1063 963 1103 usu
991 1045 1146 1103 acrimonia

155 1127 347 1187 abhorrentis.
398 1146 471 1204 quae
496 1129 592 1188 variae
618 1134 683 1187 suut
711 1126 797 1186 etad
824 1128 981 1186 novitatem
1001 1127 1143 1187 accedere
1156 1145 1181 1184 10

154 1209 310 1269 calliditate
336 1212 516 1286 ingeniorum
546 1211 704 1286 contingit,
736 1218 765 1267 ut
794 1227 897 1269 nomeu
926 1212 1060 1270 usitatum
1087 1228 1146 1268 non

154 1291 296 1368 habeant,
314 1292 413 1370 physis
432 1291 578 1370 appellant
594 1292 673 1351 velut
688 1293 779 1370 ipsius
795 1301 913 1352 naturae
928 1293 1146 1352 admirationem

153 1376 182 1434 in
198 1376 232 1434 iis
247 1375 437 1435 venditantes.
461 1373 529 1434 Cum
544 1376 607 1435 finis
624 1377 767 1434 nominum
782 1377 901 1452 nonsit,
917 1394 991 1454 quae
1007 1379 1145 1454 persequi
1173 1374 1175 1376 ’

154 1475 211 1517 non
234 1459 367 1536 equidem
387 1460 485 1536 cogito
507 1461 653 1518 innumera
675 1467 704 1518 et
725 1457 834 1518 Graeca
863 1462 987 1519 vanitate
1012 1459 1146 1536 conficta,

154 1541 285 1602 indicatis
302 1542 446 1602 nobilibus
463 1543 599 1619 gemmis,
617 1544 701 1601 immo
717 1560 789 1602 vero
806 1544 890 1601 etiam
906 1542 1038 1621 plebeis,
1056 1545 1147 1602 rario·
1159 1562 1182 1600 rs

153 1643 214 1683 rum
240 1643 350 1702 genera
372 1627 458 1703 digna
482 1625 558 1685 dictu
579 1626 747 1685 distinxisse
773 1626 843 1685 satis
867 1629 930 1686 erit.
970 1626 1039 1686 illud
1059 1625 1147 1685 modo

153 1709 318 1769 meminisse
331 1710 496 1786 conveniet,
512 1710 741 1769 increscentibus
754 1711 833 1771 varie
848 1710 965 1769 maculis
979 1718 1066 1785 atque
1081 1727 1148 1768 ver-

153 1794 230 1851 rucis
257 1793 445 1871 liniarumque
473 1794 686 1854 interveniente
707 1791 855 1870 multiplici
877 1793 961 1852 ductu
988 1802 1017 1852 et
1043 1791 1147 1852 colore

154 1877 270 1954 saepius
286 1877 387 1936 mutari
407 1878 519 1936 nomina
535 1878 564 1935 in
578 1870 679 1936 eadem
695 1874 863 1953 plerumque
878 1877 1006 1935 materia.

114 1968 162 2022 196
214 1958 598 2040 (marcomannorum
617 1959 652 2018 ad
674 1958 795 2031 omnium
818 1976 991 2034 gemmarum
1009 1959 1147 2018 observa·
1159 1986 1184 2024 20

156 2042 263 2102 tionem
280 2042 455 2120 pertinentia
471 2042 597 2101 dicemus
613 2042 766 2120 opiniones
783 2042 873 2100 secuti
895 2050 1050 2102 auctorum.
1094 2040 1148 2102 Ga·

154 2143 208 2184 vae
237 2133 284 2184 aut
307 2124 515 2184 extuberantes
539 2124 659 2186 viliores
681 2124 814 2184 videntur
837 2124 1014 2203 aequalibus.
1055 2125 1149 2202 figura

155 2207 282 2284 oblonga
302 2226 432 2267 maxume
454 2208 609 2286 probatur,
635 2208 739 2269 deinde
759 2227 832 2285 quac
857 2217 974 2268 vocatur
992 2211 1150 2289 lentecula,

154 2299 258 2369 postea
275 2292 416 2370 epipedos
434 2301 463 2352 et
480 2292 616 2370 rotunda,
632 2292 779 2369 angulosis
797 2301 889 2351 autem
905 2293 1024 2350 minuma
1042 2293 1147 2367 gratia.

114 2385 162 2440 197
177 2373 271 2435 Veras
294 2393 310 2435 a
330 2374 412 2436 falsis
440 2375 606 2437 discernere
629 2394 731 2452 magna
751 2375 919 2450 difficultas,
946 2376 1054 2451 quippe
1083 2392 1183 2442 cumn,

154 2459 300 2518 inventurn
321 2460 360 2518 sit
381 2478 418 2518 ex
445 2461 523 2518 veris
548 2461 666 2536 generis
690 2458 809 2517 alterius
831 2459 860 2515 in
883 2456 958 2516 aliud
980 2457 1068 2516 lalsas
1091 2465 1148 2517 tra·

156 2540 280 2618 ducere,
302 2550 333 2602 ut
355 2542 551 2618 sardonyches
573 2543 698 2602 eternis
719 2541 895 2617 glutinantur
918 2541 1038 2616 gemmis
1060 2541 1100 2598 ita
1116 2550 1148 2599 ut

155 2624 293 2704 deprendi
324 2644 370 2685 ars
400 2644 458 2685 non
484 2627 594 2704 possit,
632 2624 744 2685 aliunde
771 2624 854 2700 nigro
886 2623 999 2683 aliunde
1026 2621 1148 2682 candido

154 2708 268 2768 aliunde
286 2710 373 2767 minio
386 2711 524 2787 sumptis,
541 2709 670 2767 omuibus
686 2708 714 2766 in
731 2724 783 2766 suo
796 2725 907 2783 genere
922 2706 1147 2784 probatissimis.

155 2792 223 2866 quin
245 2792 329 2850 immo
354 2793 439 2850 etiam
461 2799 575 2851 exstant
595 2790 790 2851 commentarii
811 2799 974 2866 auctorum,
995 2807 1068 2866 quos
1089 2807 1185 2855 nonan

155 2872 288 2949 equidem
302 2872 523 2949 demonstrabo,
540 2873 749 2950 quibusmodis
766 2892 804 2932 ex
815 2872 952 2951 crystallo
968 2870 1150 2948 zmaragdum

156 2957 285 3034 tinguant
311 2957 439 3034 aliasque
464 2957 648 3034 tralucentis,
677 2955 886 3032 sardonychem
907 2975 924 3015 e
946 2955 1047 3031 sarda,
1078 2957 1150 3015 item

155 3050 269 3102 ceteras
287 3060 325 3101 ex
344 3040 425 3116 aliis,
446 3059 540 3118 neque
564 3042 639 3100 enim
660 3049 705 3100 est
726 3039 783 3099 ulla
803 3040 880 3100 fraus
897 3041 973 3098 vitae
994 3038 1148 3099 lucrosior.

117 3133 164 3188 198
219 3125 265 3186 13.
282 3125 363 3203 (76.)
378 3123 439 3184 Nos
453 3131 552 3184 contra
565 3125 706 3184 rationem
722 3121 917 3201 deprendendi
930 3121 1018 3181 lalsas
1031 3121 1149 3181 demon-

156 3207 327 3285 strabimus,
353 3207 465 3288 quando
488 3207 572 3267 etiam
592 3207 731 3265 luxuriam
752 3206 890 3265 adversus
907 3204 1020 3264 fraudes
1037 3209 1148 3265 moneri
1160 3230 1185 3269 os

156 3291 267 3351 deceat.
296 3292 387 3369 lgitur
398 3300 516 3371 praeter
530 3290 579 3350 illa
596 3292 712 3367 quaein
728 3290 888 3366 principatu
905 3290 1042 3366 cuiusque
1058 3307 1151 3364 gene·

148 3377 195 3433 ris
201 3376 339 3452 priuatim
355 3376 476 3436 diximus
491 3375 658 3436 tralucentis
674 3373 812 3432 matutino
824 3372 940 3450 probari
956 3379 1151 3449 censentem,

89 3459 187 3521 199s1‘
198 3478 334 3524 neccsse
349 3469 416 3544 est,
438 3463 469 3525 in
487 3468 617 3546 quartam
631 3457 748 3534 horam,
763 3464 868 3537 postea
890 3464 996 3516 vetant.
1033 3457 1151 3532 experi-
