2378 3840
133 200 174 261 66
482 208 512 258 o.
529 209 626 258 nunu
641 207 790 258 sncunm

134 363 239 440 lisque.
271 363 349 424 valet
364 381 502 442 purgare,
518 364 636 440 sistere,
655 361 849 439 exealiccere,
865 362 1007 438 erodere,
1024 379 1132 421 summa

135 447 197 506 eius
217 446 286 506 dote
306 448 434 524 septica,
460 447 561 525 explet
573 447 721 525 alopecias
739 464 777 506 ex
794 454 879 505 aceto
897 445 997 522 inlita,
1016 445 1131 505 additur

134 529 284 590 oculorum
310 529 544 608 medicamentis,
567 531 658 590 laucis
679 538 784 607 purgat
807 546 870 588 oum
895 528 982 588 melle
1007 537 1131 606 sumpta.

133 630 295 691 vocemque
312 613 457 692 limpidam
472 622 502 674 et
518 631 652 674 canoram
671 614 758 688 facit,
775 613 946 690 suspiriosis
961 620 992 671 et
1007 614 1132 671 tussien-

133 697 210 758 tibus
223 697 346 757 iucunde
357 697 490 757 medetur
501 715 565 756 cum
575 697 673 757 resina
685 694 879 756 terebinthina
888 697 916 754 in
928 696 995 755 cibo
1008 704 1154 774 sumpta,s

134 781 230 840 suiiita
246 799 362 858 quoque
380 798 443 840 eum
459 781 548 840 cedro
562 782 628 858 ipso
647 779 749 840 nidore
765 780 857 840 isdem
871 778 1024 848 medetur.¹

91 873 144 932 178
222 864 302 943 (56.)
318 862 355 922 Et
370 864 551 924 arrhenicum
568 882 606 924 ex
617 862 719 923 eadem
735 871 781 922 est
796 863 926 922 materia.
955 863 1032 939 quod
1048 870 1132 941 optu-

133 964 208 1006 mum
224 947 333 1008 eoloris
352 949 437 1007 etiam
453 949 482 1006 in
500 964 571 1007 auro
594 946 789 1024 excellentis,
810 946 888 1023 quod
909 964 981 1006 vcro
997 945 1131 1023 pallidius

133 1039 182 1091 aut
198 1031 371 1092 sandaracae
395 1030 489 1090 slmile
505 1038 552 1090 est
567 1030 696 1089 deterius
715 1030 863 1089 iudicatur.
900 1037 994 1089 estet
1015 1029 1132 1088 tertium

132 1133 225 1191 genus
247 1131 305 1192 quo
326 1117 465 1174 miscetur
488 1132 594 1174 aureus
609 1113 692 1173 color
707 1112 890 1174 sandaracae.
918 1121 1040 1190 utreque
1058 1111 1166 1172 haecro

134 1214 295 1273 squamosa.
334 1197 405 1256 illud
427 1214 500 1255 vero
527 1197 633 1256 siccum
660 1213 837 1274 purumque,
863 1196 965 1273 gracili
993 1213 1131 1255 uenarum

133 1280 266 1339 discursu
282 1279 384 1340 fissile.
416 1280 461 1338 vis
477 1279 577 1339 eadem
599 1297 673 1357 quae
690 1297 795 1357 supra,
820 1279 873 1339 sed
891 1282 994 1340 acrior.
1031 1280 1131 1357 itaque

133 1371 163 1422 et
178 1364 314 1423 causticis
329 1363 442 1423 additur
462 1371 490 1422 et
505 1362 646 1440 psilotris.
679 1361 755 1422 tollit
777 1370 807 1422 et
822 1365 957 1441 pterygia
975 1362 1131 1438 digitorum

133 1448 286 1524 carnisque
302 1449 411 1507 narium
427 1455 458 1506 et
475 1444 676 1522 condylomata
689 1455 718 1505 et
733 1446 871 1523 quidquid
887 1447 1042 1508 excrescit.
1072 1453 1131 1504 tor·

132 1538 226 1607 retur,
243 1539 274 1589 ut
290 1531 401 1591 valdius
416 1531 522 1609 prosit,
541 1530 570 1589 in
588 1546 663 1589 nova
681 1537 755 1589 testa
773 1529 1167 1590 donecmutetcolorem.1s

509 1783 710 1795 ,......-----

291 2098 297 2111 .
388 1997 580 2081 urunt
606 1997 808 2080 snuunnr

248 2167 596 2264 ddlllltdlld
632 2166 977 2263 llllltlllldd

446 2349 779 2414 ursusxxxu.

535 2507 685 2516 ,.-......-

102 2633 114 2683 1
193 2621 290 2698 (Sect.
313 2623 353 2702 1.)
386 2621 570 2684 Metellorum
585 2622 688 2700 quibus
706 2637 779 2698 opes
799 2628 934 2680 constant
952 2617 1133 2705 adgnascen-

132 2705 260 2781 tiumque
282 2706 318 2765 iis
346 2714 446 2766 natura
466 2707 590 2765 indicata
619 2703 828 2782 propemodum
852 2710 916 2778 cst,
946 2704 987 2762 ita
1008 2703 1132 2762 conexis

133 2786 221 2845 robus
236 2789 410 2847 ut'inmensa
425 2790 584 2848 medicinae
600 2787 674 2847 silva
688 2787 925 2865 officinarumque
942 2784 1084 2845 tenebrae
1100 2793 1132 2844 et
1142 2799 1170 2841 ao

131 2886 248 2928 morosa
279 2871 407 2930 caelandi
439 2870 624 2949 fingendique
649 2888 682 2930 ac
703 2870 851 2947 tinguendi
879 2868 1025 2948 suptilitas
1047 2869 1132 2927 simul

133 2951 309 3012 dicerentur.
354 2961 466 3013 restant
493 2962 590 3014 terrae
618 2955 709 3033 ipsius
734 2971 845 3031 genera
873 2952 1056 3032 lapidumque
1082 2951 1133 3010 vel

133 3037 336 3096 numerosiore
359 3038 456 3115 serie,
481 3037 619 3116 plurumis
646 3037 758 3115 singula
781 3056 797 3097 a
823 3035 943 3097 Graecis
972 3035 1133 3114 praecipue

133 3120 324 3181 voluminibus
341 3129 469 3180 tractata.
502 3139 556 3180 nos
573 3123 602 3181 in
616 3123 653 3181 iis
669 3121 843 3182 brevitatem
859 3137 1016 3198 sequemur
1032 3117 1134 3177 utilem

133 3206 281 3281 instituto,
307 3204 393 3264 modo
414 3204 485 3264 nihil
506 3207 703 3265 necessarium
726 3213 774 3265 aut
800 3204 931 3264 naturale
952 3203 1133 3263 omittentes.
1142 3218 1169 3260 aa

102 3287 202 3367 aCap
227 3291 252 3348 l.
271 3287 453 3366 Primumque
471 3288 599 3348 dicemus
624 3306 697 3367 quae
720 3296 831 3348 restant
855 3287 892 3347 de
913 3288 1042 3365 pictura,
1067 3291 1133 3345 crte

136 3373 276 3451 qnondam
296 3372 404 3449 nobili,
429 3380 572 3431 tuncrum
590 3381 783 3451 expeteretur
803 3371 924 3448 regibus
944 3368 1134 3448 populisque,

120 3463 155 3510 et
165 3457 246 3514 alios
253 3456 434 3536 nobilitante
450 3473 524 3534 quos
538 3464 619 3517 esset
635 3455 751 3534 dignata
767 3456 896 3534 posteris
913 3452 1041 3528 tradere,
1059 3468 1136 3510 nunc
