2378 3840
116 187 156 246 78
463 195 493 244 c.
510 195 606 244 ratur
620 194 770 244 sacuam

116 353 278 412 institutum
292 358 339 410 est
352 347 483 410 Corinthi
499 367 533 410 ac
546 349 687 431 Delphis,
704 349 872 428 primusque
890 349 1013 408 omniurn
1029 357 1124 410 certa·

39 450 44 458 ·
118 438 159 495 vit
183 453 246 495 curn
269 434 424 510 Timagora
447 432 657 510 Chalcidense,
688 442 843 511 superatus
872 433 907 492 ah
932 449 969 492 eo
998 432 1122 509 Pythiis,

118 519 194 597 quod
211 527 241 578 et
257 519 349 597 ipsius
369 516 542 595 Timagorae
558 518 684 578 carmine
701 523 820 576 vetusto
836 516 956 595 adparet
970 513 1123 577 chronico-

118 621 179 663 rum
196 621 300 662 errore
315 618 373 661 non
389 601 487 662 dubio.
518 600 578 661 alii
595 618 712 700 quoque
727 609 796 678 post
807 599 862 660 hos
874 599 944 660 clari
957 600 1041 660 luere
1055 607 1124 660 ante

71 659 161 859 J
117 688 334 763 nonagesimam
362 684 570 764 olympiadem,
602 685 679 745 sicut
705 682 886 782 Polygnotus
915 682 1036 743 Thasius
1073 684 1146 782 quis

116 771 226 848 primus
248 770 387 829 mulieres
407 769 548 829 tralucida
565 776 651 828 veste
673 769 783 846 pinxit,
796 764 900 846 capita
916 785 1013 827 earum
1028 767 1122 827 mitris

103 853 349 913 versicoloribus
371 855 488 931 operuit
505 852 724 931 plurumumque
741 852 872 929 picturae
895 851 1003 928 primus
1023 858 1123 910 contu-

110 936 166 1017 lit,
188 938 331 1014 siquidem
351 937 476 996 instituit
494 953 527 996 os
550 935 722 1014 adaperire,
744 935 839 994 dentis
865 933 1043 1010 ostendere,
1061 934 1124 993 vol·

73 1023 178 1086 519ιιιιιι
193 1021 228 1080 ab
246 1022 374 1099 antiquo
383 1021 484 1097 rigore
501 1020 624 1079 variare.
668 1017 758 1078 lluius
777 1026 824 1078 est
843 1018 968 1078 tabula
961 1037 989 1077 ιιι
1008 1019 1123 1095 porticu

116 1102 254 1182 Pompei,
281 1122 355 1182 quae
373 1113 440 1164 ante
459 1105 567 1163 curiam
585 1105 648 1163 eins
669 1104 783 1178 luerat,
799 1103 829 1161 in
848 1119 904 1180 qua
926 1101 1072 1161 dubitatur
1087 1116 1158 1160 anto

116 1188 323 1248 ascendentem
337 1205 401 1246 cum
418 1186 515 1264 clipeo
534 1187 663 1265 pinxerit
677 1203 713 1245 an
725 1186 962 1245 descendentem
995 1185 1042 1244 hic
1053 1166 1122 1246 Del-

116 1270 181 1348 phis
194 1270 296 1330 aedem
311 1271 422 1348 pinxit,
436 1269 484 1330 hic
499 1278 529 1330 et
543 1269 669 1330 Athenis
686 1271 828 1348 porticum
842 1286 917 1348 qnae
934 1268 1055 1329 Poecile
1071 1286 1122 1328 ιο-

116 1362 197 1413 catur
220 1355 365 1431 gratuito,
395 1371 459 1413 cum
481 1362 593 1432 partem
615 1353 678 1413 eius
693 1352 790 1421 hlicon
812 1351 949 1413 mercede
973 1354 1121 1431 pingeret.

117 1437 165 1498 vel
182 1439 275 1497 maior
290 1437 356 1497 huic
371 1439 541 1513 auctoritas,
560 1437 703 1516 siquidem
717 1436 968 1515 Amphictyones,
983 1437 1061 1515 quod
1076 1444 1122 1496 est

117 1521 262 1599 publicum
277 1519 418 1581 Graeciae
434 1521 604 1598 concilium,
619 1521 746 1600 hospitia
763 1523 790 1580 ei
806 1522 931 1598 gratuita
947 1520 1120 1581 decrevere.
1131 1538 1156 1578 ιι

116 1605 183 1666 Fuit
196 1613 226 1664 et
238 1605 310 1664 alius
321 1603 419 1665 Micon
431 1610 480 1684 qui
495 1606 615 1665 minoris
629 1606 804 1683 cognomine
820 1604 1023 1682 distinguitur,
1039 1605 1122 1664 cuius

117 1688 175 1748 lilia
191 1687 337 1748 Timarete
355 1698 385 1748 et
400 1690 464 1768 ipsa
480 1691 583 1767 pinxit.

73 1782 108 1839 60
180 1772 318 1851 (36.1.)
344 1771 541 1850 Nonagesima
573 1782 669 1833 autem
702 1772 867 1850 olympiade
896 1773 980 1833 inere
1012 1770 1122 1849 Aglao-

116 1857 205 1935 phon,
219 1854 450 1935 cephisodorus,
463 1856 588 1933 Erillus,
600 1855 720 1916 Euenor
736 1865 819 1934 pater
830 1855 975 1917 Parrhasii
993 1865 1023 1916 et
1038 1873 1121 1934 prae·

83 1961 106 1996 ιι
119 1949 223 2018 ceptor
241 1940 363 1999 maxumi
386 1941 508 2017 pictoris
529 1939 566 1999 de
584 1957 642 2018 quo
666 1941 725 1999 suis
744 1941 825 1999 annis
852 1939 995 2016 dicemus,
1021 1956 1157 1999 omnesne

115 2027 171 2083 iarn
186 2024 337 2099 inlustres,
354 2031 524 2082 nontamen
541 2023 690 2101 inquibus
706 2022 831 2083 haerere
848 2025 998 2101 expositio
1015 2024 1123 2083 deheat

114 2108 256 2167 festinans
278 2105 313 2164 ad
336 2105 441 2164 lumina
457 2107 527 2165 artis
551 2106 705 2185 inquibus
729 2109 836 2185 primus
859 2108 976 2168 refulsit
999 2105 1123 2187 Apollo·

81 2190 202 2343 sporus
225 2189 416 2258 Atheniensis
435 2188 623 2250 LXXXlllll.
640 2191 817 2270 olympiade.
850 2190 903 2251 llic
924 2193 1033 2270 primus
1055 2209 1122 2268 spe·

132 2292 176 2333 res
207 2274 373 2354 exprimere
400 2275 525 2334 instituit
548 2277 714 2354 primusque
741 2275 867 2354 gloriam
894 2274 1065 2374 penicillo
1057 2292 1121 2334 rure

114 2357 246 2418 contulit.
276 2359 339 2418 eius
353 2366 398 2418 est
412 2358 551 2420 sacerdos
564 2359 687 2420 adorans
701 2369 730 2420 et
746 2360 822 2419 Aiax
838 2359 980 2418 fulmine
971 2376 1120 2434 incensus,
1131 2381 1157 2421 ιι

115 2460 188 2520 quae
204 2440 337 2520 Pergami
353 2451 503 2523 spectatur
516 2442 615 2505 hodie.
647 2461 743 2522 neque
759 2450 826 2501 ante
842 2458 907 2499 eum
922 2440 1019 2500 tabula
1034 2439 1122 2500 ullius

71 2535 105 2590 61
118 2527 281 2586 ostenditur
296 2544 370 2605 qaae
382 2535 482 2589 teneat
496 2527 609 2588 oculos.
642 2526 695 2605 [2]
718 2524 764 2583 Ab
782 2523 838 2583 hoc
853 2523 924 2582 artis
938 2522 1020 2582 iores
1036 2539 1121 2600 aper-

80 2619 158 2681 tas
174 2609 292 2687 Zeuxis
293 2609 498 2676 Heracleotes
520 2612 638 2671 intravit
662 2605 833 2684 olympiadis
854 2603 1029 2666 LXXXXV.
1044 2624 1119 2668 anno

113 2693 176 2753 llll.
181 2675 445 2772 ,audentemque
435 2713 491 2754 rann
502 2693 609 2771 aliquid
621 2689 846 2770 penicillnm-
804 2689 894 2750 -de
911 2690 967 2750 hoc
981 2692 1058 2751 enim
1073 2691 1121 2751 ad-

114 2776 168 2835 huc
187 2777 395 2873 loquamnr-
409 2776 445 2836 ad
464 2793 595 2853 magnam
609 2775 732 2853 gloriam
748 2773 901 2852 perduxit,
918 2775 1156 2852 aquibusdamao

114 2858 219 2918 falso
210 2877 239 2918 ιιι
259 2856 462 2920 LXXXVllll.
481 2858 645 2937 olympiade
669 2859 801 2936 positus,
825 2876 890 2918 cum
907 2857 943 2893 ⁸³*
959 2860 1051 2919 luisse
1069 2877 1119 2918 ne-

113 2960 200 3001 cesse
219 2950 264 3001 est
280 2941 484 3020 Demophilum
497 2940 680 3003 llimeraeum
695 2951 725 3003 et
740 2941 839 3003 Nesea
857 2940 1009 3019 Thasium,
1028 2960 1119 3021 quon-

71 3036 105 3090 δι
117 3027 170 3086 iarn
192 3026 283 3085 utrius
302 3041 404 3086 eorum
418 3025 577 3105 discipulus
597 3027 684 3088 luerit
705 3026 869 3104 ambigitur.
902 3028 931 3086 in
948 3044 1013 3088 eum
1028 3026 1119 3104 hpol·

82 3111 237 3171 solodorus
259 3111 493 3188 suprascriptus
516 3129 633 3171 versum
659 3111 748 3189 iecit,
778 3119 870 3172 artem
895 3112 969 3190 ipsis
995 3109 1119 3170 ablatam

113 3194 233 3256 Zeuxim
254 3194 336 3256 ferre
357 3212 463 3254 secum.
509 3212 583 3274 opes
605 3212 722 3274 quoque
743 3203 836 3256 tantas
857 3194 1013 3274 adquisivit
1033 3202 1064 3253 nt
1089 3195 1154 3253 inas

115 3281 343 3343 ostentationem
364 3296 461 3340 earum
483 3278 634 3358 Olympiae
657 3282 754 3340 aureis
779 3279 886 3341 litteris
909 3281 939 3339 in
964 3277 1118 3357 palliorum

115 3366 237 3425 tesseris
262 3367 402 3426 intextum
428 3381 534 3425 nomen
559 3364 641 3424 suum
663 3371 836 3425 ostentaret.
882 3372 986 3442 postea
1008 3361 1119 3422 donare

106 3464 201 3522 opera
219 3467 275 3508 sua
298 3450 441 3528 instituit,
463 3446 541 3528 quod
557 3448 637 3507 nullo
655 3449 753 3527 pretio
769 3449 839 3508 satis
856 3445 943 3524 digno
960 3445 1119 3525 permutari
