2378 3840
110 189 170 250 144
452 201 481 250 c.
498 202 593 249 emm
608 199 758 249 suenum

110 358 202 414 vetnit
221 354 250 410 in
266 354 319 412 hac
333 369 444 428 gemma
460 354 495 413 ab
513 353 570 413 alio
587 372 620 414 se
636 352 726 431 scalpi
744 372 826 431 quam
841 352 1028 430 aPyrgotele
1050 373 1111 414 non

109 438 196 498 dubie
216 438 376 497 clarissimo
399 439 468 496 artis
491 439 564 496 eius.
604 437 675 496 Post
695 454 759 496 eum
775 435 970 514 Apollonides
989 445 1019 496 et
1036 434 1110 498 Gro-

108 523 173 579 nius
191 523 220 581 in
238 521 332 598 gloria
348 521 431 580 fuere
448 522 555 599 quique
573 521 631 580 divi
645 520 770 600 Augusti
788 521 942 597 imaginem
962 520 1110 584 simillime

109 606 275 682 expressit,
293 623 348 680 qua
363 612 468 681 postea
485 606 632 683 principes
648 605 781 680 signant,
797 602 998 662 Dioscurides.
1029 603 1111 664 Sulla

79 688 231 756 odictator
244 688 399 748 traditione
408 686 565 764 Iugurthae
578 704 695 765 semper
706 688 840 764 signauit.
861 685 914 746 list
924 687 997 765 apud
1010 696 1132 748 aucto-t

109 790 157 831 res
177 780 207 831 et
222 771 463 831 Intercatiensem
482 770 561 830 illum
580 773 660 831 cuius
683 778 795 847 patrem
809 768 909 848 Scipio
927 769 1111 832 Aemilianus

110 873 147 914 ex
173 857 384 932 provocatione
408 855 597 914 interiecerat
620 871 734 931 pugnae
756 856 819 914 eius
841 854 941 930 effigie
962 856 1109 933 signasse,

109 937 228 1015 uolgato
249 937 370 998 Stilonis
391 937 563 998 Praeconini
588 938 667 1014 sale,
689 937 821 1014 quidnam
841 937 933 997 fnisse
955 937 1109 1015 iacturum,

66 1024 134 1089 10si
149 1023 248 1100 Scipio
270 1040 285 1080 a
307 1030 390 1100 patre
407 1023 469 1081 eius
491 1022 681 1098 interemptus
705 1021 821 1082 inisset.
858 1020 941 1080 divos
956 1020 1109 1098 Augustus

108 1108 184 1166 inter
199 1106 279 1165 initia
295 1105 419 1184 sphinge
438 1106 571 1182 signavit.
603 1105 673 1164 duas
688 1105 718 1163 in
733 1105 832 1163 matris
847 1103 938 1164 anulis
955 1123 1005 1164 eas
1020 1104 1145 1165 indis-1⁰

108 1198 208 1249 cretae
224 1188 418 1248 similitudinis
429 1190 591 1247 invenerat.
620 1187 1109 1265 alteraperbellaciviliaahsente

108 1276 175 1349 ipso
189 1273 272 1330 amici
287 1273 442 1347 signavere
459 1269 600 1347 epistulas
613 1279 643 1330 et
659 1270 754 1330 edicta
767 1288 841 1348 quae
853 1272 928 1331 ratio
945 1280 1110 1348 temporum

108 1355 223 1414 nomine
239 1356 302 1414 eius
323 1353 404 1414 reddi
421 1353 604 1431 postulabat,
628 1370 687 1414 non
704 1354 822 1415 iniieeto
842 1353 947 1432 lepore
964 1354 1109 1432 accipien-

109 1440 193 1515 tium,
204 1440 376 1514 'aenigmata
391 1437 507 1497 adferre
523 1455 585 1497 eam
601 1437 761 1516 sphingem.
795 1440 904 1517 quippe
928 1440 1013 1498 etiam
1027 1436 1109 1498 Mae-

109 1523 219 1581 cenatis
241 1540 309 1583 rana
325 1521 578 1600 perconlationes
604 1523 790 1600 pecuniarum
816 1523 846 1581 iu
860 1539 964 1599 magno
989 1530 1108 1582 terrore
1120 1537 1145 1576 15

109 1613 181 1665 erat.
209 1606 359 1682 Augustus
374 1614 480 1682 postea
491 1605 526 1664 ad
542 1604 674 1666 evitanda
690 1607 821 1666 conuicia
837 1604 967 1683 sphingis
979 1605 1109 1666 Alexan-

108 1688 151 1748 dri
169 1687 265 1765 Magni
283 1690 407 1767 imagine
423 1689 557 1765 signavit.

66 1785 98 1838 11
171 1773 232 1850 (5.)
252 1770 383 1833 Gemmas
405 1773 513 1851 pluris,
540 1773 616 1850 quod
640 1773 799 1850 peregrino
820 1771 968 1851 appellant
989 1774 1108 1835 nomine

108 1854 363 1933 dactyliothecam,
396 1857 504 1934 primus
538 1857 661 1915 omnium
691 1854 802 1916 Romae
831 1856 930 1916 habuit
956 1857 1108 1934 privignus

108 1939 205 1998 Sullae
235 1939 377 2014 Scaurus,
408 1939 514 2016 diuque
542 1939 619 1997 nulla
650 1939 706 1998 alia
731 1938 801 2015 luit,
830 1939 924 2000 donec
949 1939 1145 2018 Pompeiusue

107 2021 228 2100 Magnus
245 2041 319 2100 quae
334 2020 510 2081 Mithridatis
533 2023 613 2098 regis
636 2023 731 2083 iuerat
751 2023 827 2082 inter
848 2022 922 2083 dona
943 2023 974 2083 in
989 2020 1108 2100 (lapito-

107 2106 148 2165 lio
165 2105 292 2181 dicaret,
326 2110 357 2161 ut
386 2107 477 2162 Varro
505 2106 612 2179 aliique
639 2108 742 2166 aetatis
777 2109 839 2166 eius
866 2117 1001 2168 auctores
1038 2122 1108 2166 con·

108 2189 236 2264 firmant,
264 2187 381 2247 multum
407 2186 566 2265 praelatam
591 2187 700 2250 Scauri.
747 2187 804 2249 hoc
831 2189 967 2270 exemplo
997 2186 1109 2250 Caesar

107 2270 232 2330 dictator
255 2289 309 2332 sex
326 2271 553 2348 dactyliothecas
575 2272 604 2331 in
625 2273 698 2334 aede
715 2272 844 2334 Veneris
860 2272 1023 2334 Genetricis
1038 2290 1107 2333 con·

107 2356 250 2432 sacravit,
272 2353 427 2416 Marcellus
445 2355 564 2417 Octavia
578 2358 695 2434 genitus
716 2358 744 2416 in
764 2356 837 2416 aede
855 2355 976 2415 Palatini
992 2354 1144 2433 Apolli-as

107 2457 151 2498 ms
167 2456 259 2499 unam.

65 2533 99 2589 12
173 2521 233 2600 (6.)
255 2521 387 2583 Victoria
410 2532 504 2583 tamen
525 2523 574 2583 illa
595 2523 714 2601 Pompei
736 2521 857 2598 primum
879 2519 915 2579 ad
934 2520 1106 2595 margaritas

107 2624 293 2683 gemmasque
308 2623 406 2667 mores
420 2606 586 2683 inelinavit,
608 2608 682 2666 siout
698 2603 729 2662 L.
743 2601 889 2681 Scipionis
905 2610 935 2662 et
951 2600 1002 2662 Gn.
1016 2600 1106 2664 Manli

107 2688 141 2748 ad
158 2689 298 2750 caelatum
314 2700 463 2767 argeutum
486 2699 515 2750 et
530 2690 623 2750 vestis
639 2685 780 2747 Attalicas
804 2695 835 2746 et
854 2685 978 2747 triclinia
993 2694 1105 2764 aerata,

107 2774 182 2830 sicut
203 2771 233 2830 h.
257 2770 371 2831 Mummi
398 2772 433 2833 ad
454 2771 603 2832 Corinthia
626 2777 656 2831 et
680 2770 791 2830 tabulas
813 2772 915 2849 pictas.
957 2771 985 2829 2.
1010 2769 1041 2829 ld
1063 2773 1144 2831 ntiae

106 2852 219 2931 planius
235 2864 389 2931 noscatur,
410 2855 500 2915 verba
515 2873 552 2914 ex
567 2854 658 2933 ipsius
673 2853 793 2932 Pompei
810 2853 1018 2933 triumphorum
1031 2855 1105 2913 actis

65 2951 99 3006 13
110 2935 258 2995 subiciam.
282 2954 355 3013 ergo
370 2939 458 2997 tertio
470 2937 627 3015 triumpho,
638 2954 723 3015 quem
739 2938 774 2998 de
787 2940 899 3018 piratis,
912 2937 994 3014 Asia,
1008 2936 1105 2996 Ponto

74 3040 92 3083 a,
104 3039 127 3074 as
152 3020 347 3098 gentibusque
366 3029 396 3080 et
410 3020 531 3097 regibus
545 3021 574 3080 in
592 3029 726 3099 septumo
744 3023 890 3083 volumine
909 3023 1008 3099 operis
1019 3021 1104 3080 huius

106 3103 238 3164 indicatis
260 3102 298 3163 M.
322 3103 429 3164 Pisone
450 3102 489 3164 M.
512 3103 638 3165 Messala
668 3107 836 3166 oonsulibus
866 3105 960 3183 pridie
986 3103 1104 3164 kalend.

108 3186 245 3248 Octobris
271 3187 358 3249 natali
382 3205 435 3248 suo
468 3190 547 3266 egit,
577 3189 723 3250 transtulit
750 3191 863 3251 alveum
890 3207 954 3250 cnm
980 3188 1103 3248 tesseris
1114 3204 1142 3247 as

106 3270 247 3332 lusorium
263 3291 280 3333 e
295 3273 417 3350 gemmis
432 3271 542 3334 duabus
564 3273 651 3334 latum
671 3274 763 3354 pedes
784 3275 855 3352 tris,
876 3273 994 3351 longum
1011 3271 1103 3350 pedes

107 3363 260 3433 quattuor,
276 3365 325 3433 et,
337 3376 374 3418 ne
388 3358 452 3435 quis
464 3356 567 3418 effetas
582 3377 632 3418 res
645 3358 758 3419 dubitet
769 3358 846 3418 nulla
859 3373 1033 3436 gemmarum
1047 3371 1104 3412 ma-

89 3438 250 3509 gnitudine
271 3439 363 3504 hodie
379 3459 477 3525 prope
501 3441 536 3505 ad
555 3441 628 3505 hane
641 3443 856 3522 amplitudinem
873 3438 1049 3514 accedente,
1073 3439 1105 3499 in
