2378 3840
103 179 143 242 58
452 189 482 237 o.
502 189 600 236 emm
623 187 774 237 succum

104 357 220 408 ventum
236 353 290 406 est.
321 353 442 404 uruntur
459 346 554 406 omnia
577 362 612 405 ca
627 345 717 405 crudo
733 343 814 403 fictili
827 343 857 402 in
871 343 1040 404 fornacibus
1060 343 1113 406 do-

104 449 159 492 nec
174 430 291 508 figulina
311 437 536 508 percoquuntur.

61 527 112 582 134
188 513 268 594 (36.)
288 513 322 573 ln
336 514 458 574 aerariis
472 513 596 573 officinis
610 520 640 573 et
654 529 782 590 smegma
798 511 829 571 iit
841 513 896 571 iam
913 511 1023 590 liquato
1040 533 1111 576 aere

104 618 138 660 ac
160 607 302 677 percocto
326 597 430 658 additis
455 599 607 656 etiamnum
634 595 810 656 carbonibus
835 595 1042 677 paullatimque
1066 617 1111 660 ao-

1 745 3 749 .
103 685 217 761 censis,
239 701 273 742 ac
295 689 420 760 repente
435 681 656 742 vehementiore
674 680 743 740 flatu
761 681 914 759 exspuitur
932 683 1009 741 aeris
1026 683 1134 761 paleas

103 767 251 845 quaedam.
293 766 388 826 solum
404 783 461 843 quo
479 767 642 844 excipiatur
657 772 779 824 stratum
794 783 863 824 esse
884 764 973 825 debet
990 767 1110 827 marilla.

61 863 112 918 135
187 851 269 929 (37.)
288 849 335 910 Ab
355 867 390 910 ea
406 850 581 910 discernitur
596 867 681 928 quam
698 849 727 908 in
744 847 835 909 isdem
851 849 975 909 officinis
995 850 1112 929 dipbry-

104 954 172 1013 gem
194 943 300 994 vocant
316 932 418 994 Graeci
442 934 477 993 ab
501 951 538 994 eo
561 934 638 1011 quod
663 933 709 993 bis
731 940 895 1010 torreatur,
920 935 1001 994 cuius
1024 935 1112 1013 origo

105 1020 222 1098 triplex.
254 1020 317 1079 fieri
338 1020 415 1078 enim
430 1019 553 1078 traditur
575 1037 614 1077 ex
640 1017 737 1096 lapide
759 1018 856 1095 pyrite
874 1026 1002 1078 cremato
1020 1020 1049 1078 iu
1066 1037 1112 1078 ca-

104 1105 187 1185 minis
205 1104 300 1163 donec
315 1111 496 1180 excoquatur
509 1103 538 1161 in
554 1101 706 1162 rubricam.
737 1101 769 1160 fit
786 1109 816 1161 et
832 1103 862 1160 in
879 1099 977 1180 Cypro
994 1121 1032 1162 ex
1047 1103 1111 1163 luto
1124 1123 1150 1164 ro

107 1187 255 1247 cuiusdam
277 1204 385 1264 specus
408 1185 538 1245 arefacto
557 1188 654 1263 prius,
675 1202 745 1244 mox
759 1185 907 1262 paullatim
928 1186 1111 1248 circumdatis

106 1272 268 1330 sarmentis.
305 1270 394 1328 tertio
419 1269 450 1327 fit
472 1269 559 1328 modo
579 1271 608 1328 in
624 1268 792 1329 fornacibus
815 1271 892 1328 aeris
913 1270 998 1334 faece
1018 1270 1114 1331 subsi-

105 1354 202 1413 dente.
233 1352 399 1413 diiferentia
411 1361 456 1412 est
473 1353 550 1430 quod
566 1370 617 1413 aes
633 1355 728 1431 ipsum
743 1354 773 1411 in
787 1355 901 1413 catinos
916 1354 1027 1431 defluit,
1047 1372 1113 1414 sco-

64 1449 116 1504 136
128 1441 170 1497 ria
187 1446 270 1497 extra
281 1437 421 1513 fornacis,
437 1435 492 1496 ilos
508 1445 690 1515 supernatat,
705 1435 865 1515 diphryges
884 1448 1022 1498 remanet.
1051 1441 1114 1517 qui·

109 1522 172 1581 dam
198 1521 312 1581 tradunt
334 1522 364 1580 in
379 1520 548 1581 fornacibus
566 1521 675 1598 globos
692 1519 796 1600 lapidis
813 1523 861 1599 qui
878 1531 1020 1600 coquatur
1034 1523 1114 1582 feru·
1125 1545 1150 1585 rs

107 1608 227 1682 minari,
250 1606 327 1664 circa
351 1604 426 1663 bunc
451 1624 501 1664 aes
522 1607 658 1682 fervere,
681 1606 776 1684 ipsum
793 1624 866 1666 vero
889 1624 948 1666 non
968 1607 1114 1685 percoqui

107 1692 162 1749 nisi
180 1689 313 1748 tralatum
334 1690 364 1747 in
387 1689 459 1748 alias
474 1691 617 1766 fornacis,
642 1698 672 1749 et
692 1709 760 1749 esse
776 1689 882 1749 nodum
899 1691 1040 1768 quendam
1056 1708 1114 1750 ma-

107 1775 216 1849 teriae,
241 1773 269 1833 id
293 1772 371 1850 quod
395 1791 433 1832 ex
455 1780 541 1833 cocto
564 1775 693 1852 supersit
716 1773 857 1851 diphryga
878 1776 986 1835 vocari.
1024 1774 1114 1834 Ratio

108 1859 171 1919 eius
189 1860 220 1916 in
234 1857 377 1916 medicina
399 1857 502 1916 similis
525 1857 702 1935 praedictis,
724 1859 836 1917 siccare
860 1867 890 1918 et
908 1860 1115 1919 excrescentia

108 1960 281 2002 consumere
295 1959 329 1999 ac
342 1957 513 2018 repurgare.
544 1940 685 2018 probatur
702 1940 800 2018 lingua
812 1949 843 2002 ut
856 1961 919 2002 eam
931 1944 1022 2003 siccet
1035 1950 1116 2003 tactu
1126 1969 1152 2012 20

108 2026 204 2085 statim
220 2040 414 2102 saporemque
431 2026 509 2083 aeris
524 2023 634 2084 reddat.

66 2121 116 2178 137
195 2107 278 2185 (38.)
295 2105 389 2165 Unum
409 2108 562 2167 etiamnum
585 2110 662 2168 aeris
678 2108 846 2168 miraculum
862 2126 920 2169 non
937 2112 1115 2172 omittemus.

110 2192 234 2252 Servilia
251 2190 360 2250 familia
370 2190 500 2251 inlustris
513 2194 542 2252 in
553 2191 636 2252 fastis
650 2193 785 2253 trientem
797 2211 914 2254 aereum
927 2195 1021 2273 pascit
1030 2210 1116 2271 auro,

108 2284 252 2354 argento,
276 2284 495 2336 consumentem
520 2285 681 2356 utrumque.
720 2279 805 2354 origo
823 2286 911 2356 atque
933 2287 1034 2338 natura
1050 2279 1116 2338 cius

109 2363 289 2438 incomperta
313 2359 381 2419 mibi
407 2369 463 2420 est.
498 2361 591 2421 verba
612 2364 676 2440 ipsa
697 2361 733 2420 de
755 2380 838 2421 eane
862 2361 1008 2423 Messalae
1032 2362 1152 2426 senisas

109 2462 228 2525 ponam:
258 2443 513 2505 Serviliorum
538 2445 682 2505 familia
710 2444 821 2506 habet
849 2448 1033 2507 trientem
1057 2463 1117 2505 sa-

111 2547 211 2589 crum
235 2531 292 2589 cui
316 2547 538 2589 summacum
562 2547 648 2589 cura
669 2530 1038 2608 magnificentiaque
1056 2546 1118 2590 sa-

110 2632 168 2675 cra
200 2615 403 2690 quotannis
432 2614 596 2688 faciunt,
627 2629 732 2689 quem
758 2613 888 2674 ferunt
916 2615 1007 2675 alias
1033 2631 1117 2674 cre-

111 2698 212 2756 uisse
236 2697 326 2756 alias
348 2696 580 2756 decrevisse
602 2695 726 2756 videri
747 2704 783 2756 et
803 2716 906 2759 exeo
922 2697 1116 2759 autbono·

112 2798 186 2839 rem
210 2789 270 2839 aut
292 2779 587 2840 deminutionem
607 2779 777 2840 familiae
798 2783 1027 2859 significari.
1126 2803 1153 2845 so

69 2874 121 2932 138
196 2865 244 2922 14.
256 2862 339 2941 (39.)
351 2861 497 2923 Proxuma
516 2861 636 2923 indicari
650 2863 758 2924 debent
769 2865 887 2926 metalla
897 2867 982 2942 ferri,
996 2875 1117 2944 optumo

113 2963 312 3025 pessumoque
329 2947 408 3006 vitae
424 2947 635 3025 instrumento,
658 2948 801 3027 siquidem
817 2949 874 3010 boc
889 2950 1026 3011 tellurem
1041 2951 1119 3009 scin·

112 3030 222 3106 dimus,
243 3029 366 3090 arbores
388 3031 530 3108 serimus,
553 3031 671 3092 arbusta
692 3033 861 3112 tondemus,
884 3035 954 3094 vitis
976 3033 1118 3113 squalore

112 3116 214 3176 deciso
233 3116 314 3174 annis
337 3114 468 3174 omnibus
493 3116 624 3193 cogimus
638 3119 849 3197 iuvenescere,
870 3118 927 3178 hoc
941 3120 1118 3179 exstruimus

115 3208 208 3277 tecta,
231 3199 377 3260 caedimus
399 3217 485 3277 saxa,
508 3201 659 3279 omnisque
678 3201 712 3272 ad
727 3201 802 3261 alios
819 3221 887 3263 usus
902 3203 984 3263 ferro
999 3203 1119 3279 utimur,
1128 3223 1155 3264 as

114 3284 166 3343 sed
184 3285 288 3344 eodem
300 3284 335 3344 ad
350 3283 444 3360 bella,
461 3283 577 3360 caedis,
593 3284 760 3362 latrocinia,
776 3302 834 3346 non
849 3289 1006 3347 comminus
1023 3285 1120 3345 solum

115 3367 168 3426 sed
190 3370 276 3427 etiam
296 3368 398 3428 missili
416 3368 605 3446 volucrique,
632 3389 706 3430 nunc
724 3374 877 3431 tormentis
900 3389 1026 3432 excusso
1044 3388 1120 3429 nunc

103 3450 246 3528 lacertis,
268 3471 346 3513 nunc
369 3469 442 3513 vero
464 3460 611 3542 p'ennato,
633 3471 716 3532 quam
732 3454 988 3517 sceleratissimam
1004 3455 1121 3514 humani
