2378 3840
295 213 375 260 uun.
392 197 676 260 strennuum.
694 208 720 258 2.
737 199 857 276 (t-t.)
1028 197 1086 257 145

90 384 127 428 eo
152 366 206 425 luit
228 365 293 426 lune
316 383 403 425 aurea
425 365 522 443 pondo
538 362 623 423 XXX
639 399 697 440 —,
719 364 814 424 lectos
836 362 1003 423 tricliniaris
1017 365 1083 440 tris,
1098 374 1131 430 lt

89 467 158 510 vasa
180 466 218 509 ex
234 466 304 509 auro
325 457 355 509 et
369 450 491 526 gemmis
507 447 663 507 abacorum
679 465 800 524 novem,
826 448 908 523 signa
928 464 1016 507 aurea
1032 448 1088 506 tria

89 532 256 609 Minervae,
279 531 396 608 blau-tis,
412 531 575 609 Apollinis,
599 548 722 591 coronas
738 550 776 591 ex
791 531 954 607 margaritis
969 530 1088 608 triginta

89 618 159 692 tris,
182 625 440 676 montemaureum
461 615 627 693 quadratum
647 632 710 674 cum
734 615 831 674 cervis
854 622 883 672 et
904 613 1039 673 leonibus
1059 622 1088 672 et

51 701 183 777 epomis
206 701 297 761 omnis
320 700 440 777 generis
465 698 637 758 circumdata
666 700 724 758 vite
747 714 853 773 aurea,
880 714 1027 756 musaeum
1050 715 1088 756 en

88 784 250 860 margaritis
272 785 301 843 in
322 784 403 843 cuius
425 783 544 858 fastigio
563 780 757 858 horologium.
785 788 849 840 erat
873 788 903 840 et
923 781 1018 857 imago
1035 777 1087 839 Gn.

88 865 209 944 Pompei
226 886 243 925 e
260 868 439 943 margaritis,
455 865 505 926 illa
519 864 642 925 relicino
658 865 770 925 honore
785 871 885 942 grata,
908 863 986 922 illius
1002 863 1088 941 probi

89 952 150 1008 oris
166 949 384 1028 venerandique
399 967 454 1029 per
469 957 585 1009 cunctas
600 950 714 1026 gentis,
731 948 799 1025 illa,
814 950 947 1025 inquam,
963 965 1001 1007 ex
1016 965 1089 1006 mar·

88 1034 207 1109 geritis,
226 1035 386 1093 severitate
403 1034 478 1092 victa
493 1044 523 1093 et
540 1035 658 1092 veriore
671 1032 803 1091 luxuriae
823 1030 976 1108 triumpho.
1009 1042 1131 1094 num-15

55 1133 80 1174 ro
90 1133 174 1192 quam
188 1117 325 1193 proiecto
340 1117 416 1176 inter
433 1116 500 1176 illos
512 1117 592 1176 viros
608 1115 742 1175 durasset
756 1131 919 1192 cognomen
935 1112 1048 1192 blagni,
1065 1115 1088 1171 si

88 1199 179 1276 prima
190 1200 313 1259 victoria
325 1201 368 1260 sic
379 1197 601 1278 triumphasset!
614 1217 631 1258 e
642 1199 815 1276 margaritis,
825 1196 942 1274 blagne,
956 1207 1012 1256 tam
1023 1214 1089 1274 pro-

89 1281 155 1359 diga
166 1300 199 1342 re
212 1291 242 1342 et
253 1282 368 1343 feminis
380 1292 509 1363 reperta,
521 1300 591 1360 quas
600 1300 709 1360 gerere
722 1291 752 1342 te
762 1282 806 1342 las
816 1299 874 1341 non
887 1283 936 1358 sit,
948 1281 1016 1341 hine
1025 1280 1088 1340 lieri

89 1373 156 1425 tuos
166 1364 285 1425 voltus?
299 1369 342 1426 sic
354 1375 383 1426 te
395 1369 556 1444 pretiosum
568 1363 682 1426 videri?
698 1384 756 1425 non
765 1383 839 1442 ergo
851 1365 902 1425 illa
911 1373 959 1424 tua
968 1364 1090 1424 similior

90 1456 138 1506 est
158 1450 253 1524 imago
275 1467 359 1525 quam
379 1448 522 1525 Pyrenaei
543 1449 619 1524 iugis
638 1445 815 1525 inposuisti?
839 1464 930 1524 grave
951 1447 1086 1524 prolecto
1098 1456 1132 1510 16

56 1549 80 1590 ro
89 1530 264 1608 foedumque
287 1531 424 1608 probrum
454 1539 535 1605 erat,
564 1532 592 1588 ni
621 1532 718 1590 verius
742 1546 860 1589 saevom
887 1532 947 1588 irae
969 1529 1089 1589 deorum

92 1621 236 1672 ostentum
255 1613 284 1672 id
299 1613 378 1673 credi
393 1620 546 1690 oporteret
563 1612 700 1691 clareque
714 1611 847 1689 intellegi
860 1622 965 1690 posset
982 1620 1089 1671 tantum

90 1696 160 1756 illud
176 1705 261 1774 caput
279 1698 400 1756 orientis
418 1696 522 1774 opibus
539 1697 603 1755 sine
619 1695 734 1773 reliquo
751 1713 880 1773 corpore
902 1703 1088 1756 ostentatum.

90 1786 190 1838 cetera
211 1778 345 1857 triumphi
369 1781 432 1839 eius
457 1796 540 1857 quam
561 1777 669 1838 virilia!
716 1778 771 1839 llS.
794 1775 892 1862 leveel
909 1778 1089 1857 reipublicae

91 1862 204 1936 datum,
226 1862 331 1941 legatis
355 1871 386 1923 et
402 1862 607 1941 quaestoribus
630 1865 678 1939 qui
694 1879 760 1922 oras
782 1864 868 1924 maris
890 1856 1090 1921 defendissent

56 1944 145 2006 ²⁰llS.
165 1942 238 2031 leil,
258 1947 398 2007 militibus
421 1945 544 2024 singulis
563 1944 622 2006 Hs,
638 1963 709 2005 sena
730 1946 815 2006 milia.
853 1944 1085 2005 tolerabiliorem
1101 1954 1130 2008 rt

90 2039 185 2091 tamen
201 2048 315 2092 causam
334 2032 406 2091 lecit
423 2029 474 2090 Gai
491 2030 630 2108 principis
646 2030 693 2106 qui
711 2047 800 2107 super
823 2037 923 2089 cetera
937 2027 1091 2088 muliebria

90 2131 195 2174 soccos
216 2115 354 2175 induebat
369 2133 386 2173 e
402 2114 565 2189 margaritis
583 2121 631 2171 aut
651 2111 936 2192 Neronisprincipis
958 2113 1005 2190 qui
1024 2129 1088 2171 sce-

91 2205 156 2272 ptra
170 2198 306 2272 personis
322 2204 352 2255 et
368 2195 473 2254 cubilia
483 2197 621 2253 amatoria
638 2196 791 2256 unionibus
802 2195 999 2258 construebat.
1023 2197 1091 2273 quin

90 2280 176 2337 immo
194 2279 280 2336 etiam
296 2279 341 2337 ius
359 2277 489 2335 videmur
504 2277 669 2353 perdidisse
686 2279 862 2356 corripiendi
880 2287 1024 2354 gemmata
1039 2297 1090 2355 po·

55 2377 81 2418 aa
91 2364 167 2420 toria
176 2369 207 2420 et
222 2362 301 2423 varia
315 2358 508 2439 supellectilis
520 2377 643 2434 genera,
658 2361 759 2419 anulos
773 2360 986 2419 translucentia.
1016 2377 1089 2436 quae

90 2446 166 2505 enim
179 2461 238 2504 non
255 2443 368 2504 luxuria
386 2443 572 2502 innocentior
588 2443 747 2501 existimari
766 2439 882 2521 possit?

152 2529 214 2606 (7.)
231 2526 340 2588 Eadem
354 2526 477 2587 uictoria
495 2526 616 2604 primum
636 2527 666 2584 in
687 2526 788 2586 urbem
805 2524 950 2602 myrrhina
964 2525 1087 2600 inuexit,
1102 2536 1134 2589 18

91 2611 259 2688 primusque
275 2609 431 2687 Pompeius
446 2609 565 2688 capides
579 2617 609 2668 et
624 2608 728 2686 poeula
743 2627 781 2668 en
796 2625 833 2669 eo
847 2607 991 2686 triumpho
1006 2606 1090 2686 (lapi-

93 2693 185 2752 tolino
196 2691 259 2752 lovi
272 2692 387 2769 dicavit,
403 2711 477 2770 qnae
491 2693 623 2771 protinus
635 2691 670 2752 ad
681 2690 826 2751 hominum
837 2709 919 2751 usum
934 2693 1089 2766 transiere,

56 2776 189 2836 aoabacis
211 2777 298 2836 etiam
317 2777 498 2853 escariisque
520 2777 596 2835 vasis
617 2776 775 2853 expetitis,
797 2784 827 2835 et
849 2775 956 2844 erescit
976 2776 1006 2835 in
1026 2774 1090 2834 dies

93 2861 155 2919 eins
174 2859 220 2919 rei
236 2858 359 2919 luxuria.
382 2858 529 2935 myrrhino
543 2860 621 2926 ῐῑῑ
633 2857 693 2918 tls,
711 2867 820 2937 empto,
837 2859 936 2936 capaci
952 2858 1038 2936 plane
1054 2857 1090 2918 ad

92 2943 238 3002 sextarios
262 2943 315 3001 tris
338 2941 429 3002 calice
449 2943 562 3020 potavit
580 2941 691 3002 Annius
708 2941 870 3002 consularis
899 2941 937 3001 ob
962 2958 1090 3002 amorem

92 3023 198 3084 adroso
218 3026 348 3102 margine
364 3026 444 3101 eius,
468 3033 500 3084 ut
514 3033 609 3085 tamen
623 3026 726 3085 iniuria
747 3025 797 3085 illa
816 3027 941 3103 pretinm
956 3031 1089 3100 augeret,

92 3126 187 3185 nequo
212 3117 259 3168 est
282 3107 369 3168 bodie
390 3107 527 3184 myrrhini
555 3107 675 3167 alterius
701 3110 897 3186 praestantior
920 3107 1088 3167 indicatura.

57 3191 167 3253 otidem
182 3193 212 3250 in
228 3191 348 3268 reliquis
359 3191 518 3269 generibus
534 3199 669 3270 quantum
684 3193 835 3251 voraverit
850 3190 919 3250 licet
933 3190 1086 3250 aestimare
1100 3200 1133 3253 19

92 3293 131 3336 ex
145 3273 344 3352 multitudine,
365 3292 439 3352 quae
459 3282 536 3334 tanta
550 3273 604 3333 fuit
619 3283 650 3333 ut
665 3275 817 3334 auferente
837 3273 938 3333 liberis
954 3275 1016 3332 eius
1032 3270 1089 3332 Ne·

92 3376 165 3419 rone
188 3359 323 3436 exposita
344 3366 521 3436 occuparent
543 3357 684 3418 theatrum
700 3357 848 3436 peculiare
867 3364 945 3416 trans
961 3353 1088 3415 Tiberim

92 3441 122 3500 in
138 3443 248 3519 hortis,
264 3440 342 3520 quod
357 3440 494 3521 apopulo
509 3441 614 3519 inpleri
630 3448 754 3504 canente
768 3458 822 3517 se,
834 3438 1101 3511 dumllompexexxe

134 3540 211 3584 annu
225 3541 295 3589 nar.
309 3541 387 3588 nrsr.
405 3525 443 3586 V.
906 3521 953 3577 lb
