2378 3840
361 193 440 243 rmu.
456 193 547 242 mss.
565 193 702 240 ιιιιιιιιιι.
719 192 743 245 8.
762 179 836 264 (19.)
1053 179 1094 242 47

98 350 260 411 nobiliores
276 349 354 408 lecit.
387 345 602 426 Cephisodotus
617 345 775 406 Minervam
789 345 948 406 mirabilem
963 347 993 404 in
1008 353 1093 425 portu

98 433 319 493 Atheniensium
335 440 364 492 et
379 449 456 491 aram
471 431 504 490 ad
518 429 654 509 templum
664 429 743 488 lovis
760 428 926 489 servatoris
944 431 973 488 in
990 429 1093 488 eodem

99 525 203 594 portu,
224 518 268 575 cui
294 534 384 594 pauca
404 521 605 593 conparantur.
642 510 790 573 Canachus
806 511 973 590 Apollinem
986 511 1089 571 nudum
1100 518 1134 575 76

100 601 148 677 qui
175 598 318 660 Philesius
342 598 561 677 cognominatur
585 599 615 656 in
636 595 795 673 Didymaeo
820 595 994 672 Aeginetica
1015 595 1092 654 aeris

76 690 307 761 utemperatura,
323 699 500 760 cervomque
516 699 571 741 una
587 682 627 740 ita
642 681 777 758 vestigiis
793 679 944 757 suspendit
960 688 989 738 ut
1004 679 1092 737 linum

97 774 198 845 supter
213 766 305 845 pedes
321 765 449 825 trahatur
464 765 578 835 alterno
590 782 688 825 morsu
705 764 784 823 calce
797 763 953 841 digitisque
965 765 1092 823 retInen-

97 850 173 909 tibus
196 849 307 926 solum,
330 851 370 908 ita
386 849 558 911 vertebrato
576 848 664 909 dente
680 850 811 926 utrisque
829 849 859 906 in
877 848 1008 926 partibus
1030 855 1092 905 uta

96 933 215 1011 repulsu
231 951 285 1010 per
301 934 372 991 vicis
389 931 509 991 resiliat.
529 931 605 991 idem
617 941 647 991 et
662 930 852 990 celetizontas
865 948 985 1009 pueros,
1002 928 1092 991 Chae·

97 1033 162 1074 reas
184 1014 380 1074 Alexandrum
403 1012 537 1090 Magnum
560 1023 590 1073 et
611 1013 773 1091 Philippum
794 1022 905 1092 patrem
926 1016 989 1073 eius
1010 1014 1091 1088 iecit,

62 1098 162 1176 rulth]
187 1095 331 1158 Ctesilaus
355 1097 543 1175 doryphoron
567 1105 597 1157 et
614 1096 792 1159 Amazonem.
812 1095 998 1155 volneratam.
1033 1095 1089 1156 De·
1099 1103 1134 1160 76

95 1183 215 1240 metrius
225 1180 414 1258 Lysimachen
426 1198 500 1259 quae
512 1183 649 1241 sacerdos
661 1178 810 1240 lllinervae
822 1177 987 1238 iuitLXllll
999 1181 1090 1257 annis,

95 1265 170 1325 idem
188 1273 218 1325 et
233 1263 392 1334 Minervam
414 1282 488 1343 quae
509 1266 631 1341 myctica
654 1264 817 1343 appellatur
835 1299 878 1310 -
899 1263 1041 1323 dracones
1062 1263 1091 1322 ιιι

96 1346 234 1427 Gorgone
256 1351 319 1409 eius
340 1349 375 1408 ad
395 1351 469 1408 ictus
492 1349 619 1408 citharae
640 1350 743 1408 tinnitu
773 1356 974 1408 resonant—
984 1347 1091 1424 ,idem

96 1434 223 1529 equitem
238 1430 392 1492 Semonem
406 1432 454 1508 qui
471 1433 577 1509 primus
588 1431 630 1491 de
645 1434 774 1510 equitatu
789 1432 915 1510 scripsit.
945 1391 1090 1490 Daedalus
1144 1487 1147 1491 ,

61 1535 85 1573 ιι
96 1523 125 1573 et
137 1516 201 1591 ipse
214 1515 289 1573 inter
301 1515 419 1573 lictores
432 1513 560 1572 laudatus
574 1531 682 1592 pueros
699 1515 770 1575 duos
783 1515 992 1590 destringentis
1004 1532 1038 1573 se
1050 1513 1091 1572 fe·

95 1598 151 1672 sit,
167 1595 344 1655 Dinomenes
357 1595 548 1655 Protesilaum
561 1606 591 1656 et
601 1596 808 1694 Pythodemum
824 1597 1002 1656 luctatorem
1026 1596 1132 1676 [16177

98 1676 312 1777 Euphranoris
308 1677 476 1738 Alexander
487 1678 568 1739 Paris
581 1688 638 1759 est
656 1681 685 1738 in
698 1696 754 1756 quo
767 1678 897 1738 laudatur
909 1679 985 1757 quod
998 1681 1091 1740 omnia

97 1758 187 1821 simul
188 1752 421 1841 intellegantur,
432 1752 526 1822 fidei
530 1722 668 1839 dearuin,
684 1770 793 1820 amator
805 1760 934 1822 Helenae
951 1770 980 1822 et
996 1771 1091 1822 tamen

96 1844 218 1906 Achillis
240 1848 420 1909 interfector.
445 1846 538 1908 huius
559 1856 605 1907 est
618 1806 749 1906 llliirerua
763 1843 874 1905 Romae
895 1863 969 1922 quae
988 1845 1092 1905 dieitur

60 1946 85 1987 ao
96 1925 255 2009 Catuliana,
271 1931 345 1992 inira
361 1928 533 2010 Capitolium
548 1949 563 1990 a
576 1927 609 2001 Q.
622 1929 735 1989 Lutatio
748 1928 852 2005 dicata,
868 1937 897 1989 et
909 1929 1091 1989 simulacrum

94 2011 166 2073 Doni
183 2013 313 2076 Eventus
322 2058 331 2091 ,
358 2014 461 2075 dextra
476 2023 619 2094 pateram,
641 2015 760 2074 sinistra
775 2015 882 2093 spicam
898 2031 931 2073 ac
945 2030 1091 2093 papavera

95 2105 215 2174 tenens,
234 2101 304 2158 item
319 2097 428 2158 Latona
447 2115 591 2176 puerpera
608 2096 775 2176 Apollinem
792 2106 822 2157 et
838 2097 956 2157 Dianam
974 2098 1089 2158 infantis

95 2180 240 2239 sustinens
261 2183 290 2239 in
311 2181 385 2241 aede
402 2177 593 2240 Concordiae.
627 2180 698 2241 lecit
720 2190 750 2241 et
768 2182 921 2260 quadrigas
943 2182 1085 2261 bigasque
1097 2187 1132 2245 78

96 2269 125 2321 et
141 2261 259 2320 cliticon
274 2263 379 2321 eximia
392 2261 504 2339 forma,
520 2273 550 2321 et
565 2262 712 2325 Virtutem
727 2273 757 2325 et
769 2263 919 2325 Graeciam
926 2274 1089 2343 ,utrasque

59 2361 84 2401 ao
94 2343 274 2420 colossaeas,
291 2343 440 2404 mulierem
453 2344 638 2405 admirantem
650 2355 680 2406 et
692 2348 889 2424 adorantem,
881 2308 951 2407 ιιοιιι
963 2347 1088 2408 Alexan-

94 2425 173 2488 drum
200 2436 230 2488 et
248 2427 446 2507 Philippum
437 2447 466 2488 m
489 2428 648 2506 quadrigis.
687 2428 864 2506 Eutychides
889 2412 1067 2506 Eurotams
1059 2450 1088 2489 ιιι

94 2529 151 2588 quo
173 2521 265 2572 artem
286 2515 351 2590 ipso
375 2531 457 2574 amne
481 2512 664 2590 liquidiorem
684 2513 806 2591 plurumi
828 2512 938 2572 dixere.
976 2511 1088 2589 llegiae

92 2593 223 2655 Minerva
239 2595 425 2674 Pyrrhusque
444 2615 498 2658 rex
514 2596 661 2673 laudatur,
684 2604 714 2655 et
732 2594 924 2655 celetizontes
940 2597 1039 2674 pueri,
1058 2603 1088 2656 et

94 2674 199 2736 Castor
214 2696 247 2738 ac
262 2678 366 2738 Pollux
381 2689 448 2740 ante
466 2679 567 2740 aedem
580 2680 657 2740 lovis
673 2679 816 2754 tonantis,
831 2676 975 2756 Hegesiae
990 2681 1019 2738 ιιι
1034 2679 1085 2739 Pa·
1095 2687 1130 2745 ⁷9

58 2761 138 2824 aorio
156 2760 271 2821 colonia
284 2761 442 2836 Hercules,
458 2763 559 2822 lsidoti
575 2763 721 2840 huthytes.
760 2761 824 2840 [171
838 2760 942 2838 Lycius
957 2762 1086 2840 lllyronis

93 2841 250 2920 discipulus
266 2844 329 2921 luit,
346 2846 394 2922 qui
409 2845 480 2905 fecit
495 2846 610 2923 dignum
624 2852 819 2925 praeceptore
836 2862 955 2922 puerum
971 2847 1088 2908 sulllan-

92 2934 150 2985 tem
168 2925 319 3003 languidos
335 2928 410 3005 ignis
431 2935 461 2988 et
476 2927 678 3006 Argonautas,
697 2926 864 2988 Leochares
882 2929 1004 3007 aquilam
1022 2951 1087 2992 sen·

93 3011 214 3070 tientem
230 3011 297 3088 quid
312 3011 405 3089 rapiat
422 3013 451 3071 ιιι
467 3008 632 3087 Ganymede
652 3020 683 3072 et
704 3012 749 3071 eui
765 3011 841 3070 ierat
861 3021 1086 3092 parcentemque

92 3094 236 3170 unguibus
257 3095 343 3154 etiam
361 3112 414 3172 per
435 3102 549 3156 vestem
566 3112 675 3172 puero,
697 3093 871 3169 Autolycum
888 3097 1026 3172 pancratii
1045 3099 1088 3156 vi·

57 3185 203 3238 auctorem
225 3186 347 3257 propter
374 3195 458 3256 quem
479 3176 646 3257 Xenophon
672 3178 848 3256 symposium
878 3180 1014 3257 scripsit,
1042 3177 1088 3239 Io·

91 3280 215 3341 remque
229 3262 308 3322 illum
323 3270 469 3323 tonantem
482 3263 512 3321 in
528 3259 673 3341 Capitolio
688 3270 755 3322 ante
781 3269 883 3320 cuneta
903 3261 1087 3340 laudabilem,

91 3346 160 3406 item
177 3345 343 3426 Apollinem
359 3346 564 3423 diadematum,
585 3344 735 3423 byciseum
755 3361 944 3423 mangonem,
967 3361 1087 3425 puerum

69 3431 75 3502 j
92 3429 233 3492 subdolae
248 3448 282 3490 ac
296 3431 411 3492 locatae
427 3429 611 3506 vernilitatis,
626 3427 730 3507 Lycius
746 3438 777 3491 et
791 3429 856 3507 ipse
872 3447 992 3508 puerum
1008 3428 1086 3490 sulli-
