2378 3840
301 182 382 230 unu.
394 181 486 230 ausu.
502 133 623 231 axum.
636 180 759 233 ac—uc
775 169 928 252 (st-65.)
1062 172 1119 233 139

115 338 207 398 sterni
224 344 253 396 et
269 337 363 415 capita
376 354 474 397 earum
486 336 608 414 praefigi
622 357 660 399 ne
675 346 866 416 torqueantur
882 346 912 398 et
924 338 1022 398 ruderi
1039 355 1116 397 novo

116 422 229 482 tertiam
250 430 362 498 partem
385 428 480 480 testae
498 429 600 480 tunsae
624 422 705 498 addi,
727 421 794 481 dein
811 421 899 481 rudus
922 423 950 481 in
967 439 1024 499 quo
1043 421 1117 481 duae

115 506 231 583 quintae
248 504 335 564 calcis
351 505 527 564 misceantur
541 504 637 582 pedali
649 505 842 567 crassitudine
856 505 1005 565 lestuoari.
1029 513 1098 564 tuno
1110 514 1159 570 187

114 587 219 647 nucleo
240 605 341 648 crasso
366 606 421 648 serr
444 588 553 665 digitos
575 588 670 649 induci
696 589 817 649 tessella
831 589 933 666 grandi
950 606 1008 648 non
1024 590 1116 646 miuus

93 672 173 732 salta
188 671 260 732 duos
274 671 383 749 digitos
399 674 482 748 strui,
500 672 646 749 fastigium
659 691 731 733 vero
744 674 856 733 servari
869 674 899 732 in
913 672 1006 750 pedes
1023 673 1115 732 denos

115 757 285 817 sescunciae
307 774 341 815 ac
366 755 524 832 diligenter
553 764 623 829 cote
653 757 824 835 despumari.
872 757 990 834 quernis
1013 754 1116 815 axibus

114 839 311 916 cantabriam,
338 840 405 917 quia
421 847 610 917 torquentur,
629 840 729 900 inutile
746 847 862 918 putant,
881 842 966 900 immo
984 848 1014 900 et
1027 839 1117 900 felice

114 931 162 984 aut
180 922 264 1000 palea
280 923 428 983 substerni
450 921 554 983 melius
574 942 660 1001 esse,
683 942 740 1002 quo
761 925 855 984 minor
876 925 919 984 vis
945 924 1033 984 calcis
1050 941 1117 1001 per·

113 1007 220 1067 veniat.
257 1006 455 1066 necessarium
475 1014 505 1066 et
527 1005 683 1084 globosum
700 1007 825 1086 lapidem
843 1007 944 1068 subici.
977 1006 1117 1066 Similiter

79 1110 103 1151 ro
113 1090 183 1150 hunt
200 1091 310 1168 spicata
326 1098 465 1150 testacea.

176 1173 258 1252 (63.)
274 1172 341 1234 Nou
352 1174 566 1252 neglegendum
579 1182 625 1234 est
638 1175 791 1236 etiamnum
802 1194 886 1235 unum
900 1193 994 1254 genus
1007 1173 1095 1235 Grae·
1108 1184 1159 1239 188

113 1258 222 1319 canioi:
245 1257 311 1319 solo
335 1258 481 1319 festucato
497 1259 614 1318 inicitur
628 1258 716 1318 rudus
731 1268 780 1320 aut
796 1268 956 1320 testaceum
970 1260 1115 1337 pavimen·

113 1351 189 1418 tum,
212 1342 280 1402 dein
302 1344 398 1422 spisse
417 1343 534 1402 calcatis
556 1342 732 1403 carbonibus
748 1342 891 1403 inducitur
910 1362 948 1402 ex
962 1342 1066 1403 sabulo
1085 1350 1116 1402 et

113 1426 194 1485 calce
213 1444 247 1485 ac
269 1425 366 1486 larilla
387 1427 503 1501 mixtis,
532 1426 652 1485 materia
671 1426 864 1487 crassitudine
885 1425 1056 1504 semipedali
1080 1425 1115 1485 ad

79 1531 103 1570 15
113 1508 244 1585 regulam
263 1517 293 1568 et
307 1507 436 1568 libellam
452 1509 594 1585 exigitur,
618 1517 649 1569 et
667 1518 713 1569 est
729 1509 822 1569 forma
838 1518 965 1570 terrena.
998 1511 1022 1568 si
1041 1526 1114 1568 vero

114 1600 182 1653 cote
199 1591 359 1670 depolitum
376 1600 438 1669 est,
456 1593 530 1669 nigri
547 1593 704 1669 pavimenti
720 1610 802 1653 usum
818 1594 942 1671 optinet.

177 1678 259 1755 (64.)
281 1675 462 1736 lithostrota
486 1684 665 1753 coeptavere
689 1678 744 1736 iam
764 1677 817 1736 sub
839 1676 937 1754 Sulla,
964 1676 1093 1756 parvolis
1108 1685 1156 1742 189

114 1769 195 1823 certe
225 1761 330 1820 crustis
359 1767 455 1820 exstat
482 1758 629 1837 hodieque
655 1760 733 1840 quod
763 1762 792 1820 iu
817 1760 964 1822 Fortunae
990 1760 1113 1820 delubro

113 1845 274 1905 Praeneste
288 1845 367 1905 iecit.
397 1844 480 1924 pulsa
492 1842 596 1905 deinde
609 1862 647 1905 ex
663 1843 748 1905 humo
764 1846 927 1925 pavimenta
942 1847 971 1905 in
986 1862 1113 1905 camaras

79 1951 104 1994 ro
114 1930 257 1989 transiere
273 1949 290 1988 e
306 1930 400 2005 vitro,
422 1930 566 1990 novicium
581 1937 611 1989 et
625 1928 683 1989 hoo
697 1930 851 1990 inventum.
885 1929 1017 2008 Agrippa
1031 1936 1112 1989 certe

113 2015 143 2074 in
157 2014 276 2074 thermis
294 2032 364 2092 quas
380 2012 492 2074 Romae
512 2013 584 2074 fecit
605 2012 755 2091 figulinum
772 2031 844 2092 opus
865 2021 1004 2075 encausto
1018 2013 1113 2091 pinxit

112 2100 143 2157 in
158 2097 271 2173 calidis,
290 2097 403 2175 reliqua
418 2097 531 2158 albario
547 2096 709 2176 adornavit,
725 2116 783 2159 non
797 2099 884 2160 dubie
900 2100 1009 2158 vitreas
1023 2098 1113 2157 lactu-

112 2199 162 2241 rus
180 2197 324 2256 camaras,
347 2183 371 2239 si
394 2183 474 2258 prius
498 2183 644 2241 inventum
666 2183 695 2242 id
718 2183 824 2244 fuisset
846 2191 894 2243 aut
915 2201 931 2242 a
951 2181 1112 2260 parietibus

115 2281 255 2340 scaenae,
272 2273 303 2323 ut
319 2263 458 2340 diximus,
475 2263 575 2324 Scauri
593 2267 781 2342 pervenisset
796 2268 825 2326 iu
841 2284 975 2327 camaras.
1012 2281 1155 2343 quam-¹1⁴

78 2373 103 2413 ae
113 2349 216 2410 obrem
231 2356 261 2408 et
278 2349 346 2408 uitri
357 2355 457 2407 natura
472 2347 622 2407 iudicanda
640 2358 694 2409 est.

178 2432 227 2493 26.
249 2433 334 2511 (65.)
354 2430 425 2491 Pars
442 2430 544 2508 Syriae
567 2449 641 2510 quae
659 2432 806 2493 Phoenice
829 2439 951 2491 vocatur
971 2431 1089 2491 finitima
1103 2440 1153 2496 190

112 2518 236 2578 Iudaeae
256 2519 331 2577 intra
353 2517 459 2576 montis
477 2513 602 2576 Carmeli
626 2516 739 2576 radices
762 2515 895 2594 paludem
919 2513 1009 2575 habet
1035 2532 1109 2592 quae

112 2609 233 2660 vocatur
248 2598 404 2661 Candebia.
434 2618 472 2660 ex
487 2618 521 2659 ea
538 2600 665 2660 creditur
681 2601 759 2660 nasci
773 2598 862 2659 Belus
877 2601 967 2659 amnis
983 2599 1109 2676 quinque

112 2682 142 2743 bt
157 2701 235 2761 pass.
261 2684 356 2761 spatio
377 2685 407 2742 in
430 2703 509 2744 mare
530 2683 678 2763 perfluens
698 2686 777 2745 iuxta
798 2682 1006 2744 Ptolemaidem
1028 2682 1109 2742 colo·

77 2768 197 2830 aoniam.
237 2766 333 2827 lentus
359 2765 407 2826 bic
434 2785 536 2846 cursu,
561 2768 710 2829 insaluber
731 2776 820 2847 potu,
852 2768 904 2828 sed
926 2767 1109 2827 caerimoniis

113 2869 214 2927 sacer,
236 2850 374 2927 limosus,
395 2850 469 2910 vado
484 2851 661 2930 profundus,
677 2870 735 2913 non
750 2853 805 2912 nisi
824 2852 925 2912 refuso
940 2852 1010 2911 mari
1027 2850 1110 2910 hare·

113 2952 164 2994 nas
179 2935 302 3010 fatetur,
329 2931 461 2994 ductibus
483 2936 559 2994 enirn
573 2936 721 2998 volutatae
742 2938 888 2997 nitescunt
909 2936 1023 2996 detritis
1046 2953 1108 2995 sor·

113 3017 209 3078 dibus.
239 3026 307 3078 tunc
319 3025 348 3077 et
362 3019 472 3077 marino
488 3019 644 3082 creduntur
660 3021 800 3100 adstringi
811 3038 920 3097 morsu,
936 3037 994 3080 non
1009 3020 1088 3097 prius
1102 3029 1149 3083 191

114 3101 209 3162 utiles.
249 3103 471 3180 quingentorum
493 3111 539 3162 est
557 3121 692 3182 passuum
713 3123 771 3166 non
787 3105 908 3185 amplius
930 3102 1026 3163 litoris
1044 3120 1108 3180 spa·

78 3210 104 3250 as
115 3187 199 3262 tium,
223 3183 310 3263 idque
331 3192 438 3245 tantum
457 3185 544 3246 multa
567 3204 620 3265 per
643 3190 759 3251 saecula
777 3187 924 3268 gignendo
945 3187 999 3247 fuit
1021 3188 1107 3246 vitro.

112 3271 186 3330 fama
203 3278 248 3329 est
260 3269 380 3347 adpulsa
393 3286 466 3330 nave
478 3278 670 3331 mercatorum
681 3274 768 3349 uitri,
786 3291 849 3333 cum
860 3273 954 3350 sparsi
970 3289 1024 3348 per
1039 3269 1107 3329 litus

113 3353 214 3432 epulas
230 3361 367 3434 pararent
390 3371 445 3413 nac
461 3362 543 3414 esset
563 3357 685 3417 cortinis
702 3355 869 3417 attollendis
884 3356 1009 3435 lapidum
1025 3371 1108 3413 occa·

111 3439 176 3515 sio,
197 3438 317 3517 glaebas
337 3437 404 3499 nitri
422 3457 438 3498 e
455 3455 529 3498 nave
550 3439 730 3519 subdidisse,
755 3438 859 3517 quibus
877 3441 1113 3510 accensis,qen·
