2378 3840
341 214 420 262 uun.
442 214 534 263 mrsu.
553 215 661 265 xxxv.
684 214 727 269 15.
751 201 900 283 (no—52.)
1017 204 1092 265 >101

93 368 240 443 culorum,
265 385 329 427 cum
350 368 442 428 larina
457 366 612 427 hordeacia
633 370 791 447 inpositum
806 369 992 447 emplastrum
1008 387 1095 448 pecu-

93 452 166 512 liare
178 451 247 511 laoit
257 468 310 510 suo
322 453 447 514 nomine.
471 453 640 527 sanguinem
654 454 742 529 sistit,
758 452 880 512 volnera
891 454 1016 530 colligit,
1031 453 1095 529 glu-

94 538 166 595 tinat
185 552 303 595 nervos.
337 543 453 594 utuntur
469 535 554 596 etiam
572 535 607 595 ad
626 545 779 614 quartanas
796 536 942 596 bituminis
962 536 1095 597 drachma

92 627 123 679 et
145 617 295 694 hedyosmi
317 620 379 696 pari
403 619 534 696 pondere
552 638 615 679 oum
633 638 747 680 murrae
764 619 857 697 obolo
872 620 993 680 subacti.
1027 637 1075 680 co·
1088 628 1138 683 182

70 701 207 762 smitialis
229 702 348 762 morbos
368 711 462 762 ustum
486 702 653 782 deprendit,
681 704 828 764 volvarum
849 704 1095 782 strangulationes

93 786 200 847 olfactu
219 786 337 846 discutit
352 804 416 846 cum
431 788 500 847 vino
516 796 547 846 et
564 797 718 866 castoreo,
742 788 920 865 procidentis
937 788 1034 848 sullitu
1048 806 1095 847 re·

93 871 207 948 primit,
224 871 413 949 purgationes
427 871 597 931 feminarum
611 873 641 931 in
657 873 724 932 vino
736 873 843 950 'potum
858 871 946 931 elicit.
980 874 1009 931 in
1027 870 1096 931 reli·

94 971 151 1031 quo
183 972 237 1012 usu
267 955 442 1013 aeramentis
474 953 604 1013 inlinitur
634 955 785 1033 firmatque
815 973 850 1015 ea
878 964 980 1015 eontra
1009 956 1094 1033 ignis.

93 1037 215 1096 diximus
236 1045 266 1096 et
288 1037 379 1113 tingui
405 1036 522 1096 solitum
543 1055 594 1096 aes
617 1056 654 1097 eo
675 1046 843 1115 statuasque
859 1039 948 1099 inlini.
980 1039 1138 1102 calcisamt

58 1136 211 1199 roquoque
245 1138 326 1179 usum
354 1120 490 1198 praebuit
525 1122 565 1179 ita
593 1122 773 1183 feruminatis
801 1121 960 1198 Rabylonis
994 1123 1093 1185 muris.

92 1203 190 1283 placet
213 1203 242 1263 in
260 1204 392 1264 ferrariis
412 1203 560 1264 labrorum
581 1205 707 1264 ollioiuis
723 1205 882 1283 tinguendo
901 1207 982 1267 ferro
999 1206 1094 1266 clavo·

92 1305 153 1347 rum
168 1287 312 1366 capitibus
331 1297 361 1348 et
376 1287 473 1347 multis
489 1287 553 1348 aliis
572 1289 680 1348 usibus.

154 1372 235 1450 (52.)
256 1369 319 1432 Nee
334 1373 428 1432 minor
443 1380 489 1431 est
506 1380 554 1431 aut
574 1371 648 1432 adeo
662 1370 809 1432 dissimilis
833 1373 946 1432 alumini
972 1389 1073 1451 opera,
1088 1382 1138 1436 183

93 1455 170 1533 quod
190 1454 374 1531 intellegitur
391 1454 509 1530 salsugo
530 1462 636 1514 terrae.
666 1455 748 1532 plura
771 1463 802 1514 et
825 1457 888 1514 eius
908 1472 1028 1530 genera.
1061 1454 1093 1514 lu

58 1559 83 1599 rs
94 1536 193 1616 Cypro
215 1536 364 1598 candidum
382 1544 412 1596 et
430 1538 558 1614 nigrius,
581 1540 686 1614 exigua
702 1537 812 1596 eoloris
828 1536 1010 1613 differentia,
1032 1554 1095 1597 cum
1139 1599 1141 1604 ,

93 1624 132 1682 sit
149 1638 217 1680 usus
235 1637 356 1697 magna,
381 1621 515 1698 quoniam
536 1620 698 1681 inficiendis
720 1619 800 1680 claro
820 1619 923 1680 colore
940 1618 1014 1680 lauis
1030 1638 1095 1680 oan-

93 1704 187 1765 didam
206 1703 403 1782 liquidumque
423 1702 605 1763 utilissimum
627 1711 674 1763 est
696 1711 858 1782 contraque
873 1703 963 1762 fuscis
981 1712 1029 1762 aut
1045 1704 1096 1763 ob·

93 1789 185 1850 scuris
201 1789 324 1864 nigrum.
349 1795 379 1847 et
394 1804 493 1847 aurum
510 1788 595 1866 nigro
611 1796 760 1866 purgatur.
777 1788 919 1847 litantem
937 1805 1021 1846 omne
1037 1806 1075 1847 ex
1087 1798 1137 1852 184

92 1888 165 1951 aqua
182 1871 326 1949 limoque,
348 1870 405 1931 hoc
432 1878 478 1932 est
500 1879 599 1932 terrae
622 1870 789 1933 exsudantis
810 1879 921 1931 natura.
964 1872 1095 1931 conriva-

58 1965 150 2020 rotum
164 1955 261 2017 hieme
276 1956 397 2016 aestivis
414 1955 527 2017 solibus
542 1964 705 2016 maturatur.
731 1957 807 2034 quod
829 1956 883 2016 luit
900 1973 938 2015 ex
958 1972 994 2014 eo
1011 1972 1095 2033 prae-

93 2058 150 2101 cox
167 2039 315 2101 candidius
333 2041 373 2101 tit.
395 2042 527 2118 gignitur
541 2049 636 2101 autem
651 2042 680 2100 ln
696 2039 849 2119 Hispania,
866 2038 1023 2117 Aegypto,
1039 2039 1095 2099 Ar·

91 2126 202 2200 menia,
224 2123 410 2201 Macedonia,
432 2125 545 2201 Ponto,
572 2124 690 2201 Africa,
713 2125 816 2185 insulis
836 2123 983 2200 Sardinia,
1004 2122 1095 2200 llelo,

92 2206 214 2284 Lipara,
229 2205 398 2284 Strongyle.
422 2208 646 2268 laudatissimum
661 2209 691 2267 in
706 2208 862 2288 Aegypto,
878 2225 1048 2285 proxumum
1066 2209 1095 2267 in

92 2288 181 2349 llelo.
216 2287 299 2350 huius
326 2307 442 2368 quoque
471 2290 545 2350 duae
573 2292 707 2368 species,
737 2291 874 2369 liquidum
902 2292 1094 2368 spissumque.

58 2372 194 2452 asliquidi
213 2374 350 2452 probatio
376 2381 406 2433 ut
437 2375 476 2433 sit
502 2373 648 2451 limpidum
676 2374 858 2452 lacteumque
886 2375 950 2433 sine
972 2373 1093 2433 offensis

91 2456 212 2519 fricandi
221 2501 231 2535 ,
246 2476 310 2518 cum
324 2457 448 2537 quodam
464 2455 592 2535 igniculo
603 2456 720 2518 caloris.
742 2457 798 2517 hoc
812 2455 965 2534 phorimon
981 2465 1094 2517 vocant.

93 2560 129 2601 an
145 2544 183 2602 sit
201 2542 390 2603 adulteratum
405 2540 633 2621 deprehenditur
649 2557 720 2600 suco
735 2539 834 2600 Punici
852 2538 934 2614 mali,
952 2540 1097 2599 sincerum

94 2625 171 2686 enim
187 2627 310 2685 mixtura
327 2643 362 2686 ea
377 2627 527 2704 nigrescit.
551 2625 675 2685 alterum
689 2642 782 2702 genus
801 2632 848 2684 est
861 2621 960 2701 pallidi
984 2631 1015 2681 et
1035 2641 1096 2682 soa·

95 2709 141 2768 bri
154 2717 185 2768 et
200 2708 277 2787 quod
288 2709 431 2769 inficiatur
445 2728 460 2769 a
473 2710 561 2787 galla,
573 2710 699 2787 ideoque
710 2707 768 2768 hoc
780 2715 885 2767 vocant
900 2705 1093 2784 paraphoron.

61 2806 87 2848 so
96 2792 195 2869 liquidi
220 2791 351 2852 aluminis
375 2795 419 2853 vis
438 2793 637 2871 adstringere,
658 2793 810 2869 indurare,
830 2790 946 2850 rodere.
988 2789 1076 2851 melle
1087 2801 1138 2856 185

96 2875 223 2936 admixto
240 2884 321 2936 sanat
335 2877 401 2948 oris,
414 2876 527 2954 ulcera,
541 2877 662 2957 papulas
678 2878 876 2956 pruritusque.
897 2873 971 2934 haee
985 2877 1097 2935 curatio

97 2959 128 3018 fit
148 2960 178 3019 iu
198 2958 311 3020 balneis
331 2959 441 3020 duabus
462 2961 557 3021 mellis
577 2961 724 3040 partibus,
745 2961 831 3020 tertia
841 2959 984 3020 aluminis.
1018 2959 1096 3019 virus

97 3043 205 3103 alarum
221 3042 403 3123 sudoresque
424 3044 517 3105 sedat.
549 3046 669 3105 sumitur
683 3043 782 3122 pilulis
800 3052 900 3104 contra
922 3041 1009 3103 lienis
1028 3042 1098 3101 vitia

96 3125 321 3207 pellendumque
342 3145 396 3206 per
419 3130 528 3189 urinam
549 3129 726 3207 sanguinem.
763 3127 896 3189 emendat
919 3135 949 3185 et
972 3124 1098 3185 scabiem

63 3212 174 3271 esnitro
194 3228 228 3271 ac
242 3211 398 3272 melanthio
416 3212 559 3273 admixtis.
584 3211 720 3273 Concreti
735 3212 867 3273 aluminis
882 3227 968 3270 unum
985 3226 1077 3286 genus
1089 3218 1142 3274 186

97 3295 229 3356 schiston
244 3295 393 3374 appellant
400 3294 515 3374 Graeci,
531 3298 561 3356 in
576 3296 777 3376 capillamenta
790 3295 928 3374 quaedam
943 3310 1099 3353 canescen-

84 3380 137 3440 “tia
151 3379 325 3458 dehiscens,
340 3380 416 3441 unde
431 3380 545 3460 quidam
559 3381 697 3441 trichitim
708 3382 805 3460 potius
821 3378 1019 3460 appellavere.
1042 3377 1099 3438 hoe

97 3461 128 3522 ht
146 3482 163 3524 e
181 3464 278 3543 lapide
299 3483 338 3526 ax
358 3481 415 3543 quo
432 3472 463 3526 et
484 3484 535 3527 aes
557 3501 595 3512 —
617 3465 762 3526 chalcitim
782 3479 922 3536 vocamus
938 3496 976 3508 -
991 3461 1112 3534 ,sabos
