2378 3840
127 172 184 236 128
465 185 496 235 c.
517 187 613 234 rnrxr
635 186 787 235 sucorum

123 340 297 402 intenebris
318 343 423 402 tierent
441 359 515 421 quae
538 359 634 418 neque
655 341 770 419 concipi
787 341 881 401 animo
899 341 955 401 nisi
971 342 1006 403 ab
1023 344 1061 403 iis
1077 347 1127 423 qiri

82 435 133 491 125
145 424 247 485 videre
264 443 360 504 neque
377 427 508 485 enarrari
523 424 646 485 humano
662 442 799 485 sermone
814 432 946 504 possunt.
974 425 1039 506 [121
1055 427 1128 489 Nam

123 517 225 587 portus
242 508 388 569 Ostiensis
406 527 479 587 opus
495 517 670 588 praetereo,
686 511 756 569 item
774 511 835 568 vias
852 526 908 586 per
923 512 1030 570 montis
1047 515 1127 572 exci-

123 611 183 671 sas,
194 610 274 652 mare
291 592 499 670 Tyrrhenuma
513 592 639 653 Lucrino
655 592 779 653 molibus
796 593 953 671 seclusum,
972 601 1015 654 tot
1028 599 1127 674 pontis

124 679 210 737 tantis
231 676 376 755 inpendiis
399 679 501 738 factos.
540 685 569 736 et
592 677 670 737 inter
690 676 823 756 pluruma
842 677 898 737 alia
916 676 1017 738 ltaliae
1033 680 1149 758 ipsiuss

122 844 267 905 Fabianus
299 854 420 905 naturae
442 862 539 905 rerum
560 847 774 922 peritissimus,
797 853 986 922 exemptores
1009 864 1127 925 quoque

123 928 272 989 adfirmant
288 928 421 1007 conpleri
436 937 543 1007 sponte
561 928 611 988 illa
626 930 764 988 montium
781 928 890 988 ulcera.
921 948 996 1007 quae
1013 931 1037 989 si
1055 948 1127 991 vera

8 1077 9 1081 ,
123 1023 205 1092 sunt,
219 1031 289 1092 spes
306 1021 352 1073 est
367 1031 518 1090 numquam
533 1012 666 1072 defutura
680 1012 821 1072 luxuriae.

81 1107 132 1161 126
209 1099 257 1159 16.
279 1097 361 1177 (25.)
383 1097 411 1156 A
427 1096 617 1157 marmoribus
638 1095 823 1174 degredienti
841 1098 878 1157 ad
893 1096 1072 1176 reliquorum
1086 1099 1162 1159 la·1o

122 1183 221 1260 pidum
236 1182 359 1259 insignis
377 1190 494 1240 naturas
510 1182 575 1258 quis
590 1180 704 1241 dubitet
724 1182 754 1240 in
776 1183 877 1259 primis
895 1190 1060 1259 magnetem
1079 1200 1128 1244 oc·

123 1263 265 1325 currere?
281 1264 348 1343 quid
365 1266 440 1324 enim
455 1262 615 1323 mirabilius
630 1273 678 1323 aut
693 1281 748 1341 qua
760 1265 790 1324 in
801 1273 886 1342 parte
897 1274 1018 1326 naturae
1034 1268 1126 1327 maior

81 1367 115 1403 no
125 1346 307 1427 inprobitas?
322 1347 444 1408 dederat
457 1365 561 1408 rocem
577 1349 675 1425 saxis,
694 1355 726 1407 ut
741 1346 882 1425 diximus,
898 1350 1128 1428 respondentem

123 1433 248 1509 homini,
273 1434 358 1492 immo
379 1449 453 1492 vero
482 1440 512 1492 et
534 1431 753 1510 obloquentem.
799 1433 867 1510 quid
894 1433 998 1512 lapidis
1024 1436 1126 1512 rigore

121 1514 257 1596 pigrius?
292 1534 363 1577 ecce
387 1534 491 1576 sensas
513 1534 671 1595 manusque
694 1516 797 1576 tribuit
816 1516 868 1576 illi.
904 1516 971 1595 quid
987 1517 1059 1578 ferri
1078 1517 1163 1578 du-15

81 1603 208 1666 latritia
223 1598 405 1679 pugnacius?
426 1600 518 1678 pedes
538 1600 565 1660 ei
580 1601 733 1678 inpertivit
753 1608 783 1660 et
797 1618 914 1679 mores,
934 1601 1057 1663 trahitur
1070 1619 1128 1662 ma·

122 1692 211 1762 gnete
244 1683 358 1762 lapide,
391 1684 587 1762 domitrixque
613 1683 664 1744 illa
686 1702 784 1744 rerum
806 1687 931 1745 omnium
951 1687 1072 1746 materia
1092 1687 1129 1746 ad

122 1772 208 1828 inane
224 1770 326 1828 nescio
343 1769 411 1846 quid
426 1770 517 1828 currit
535 1776 621 1846 atque
637 1777 668 1827 ut
683 1772 805 1847 propius
820 1771 901 1829 venit
916 1768 1032 1845 adsilit,
1045 1778 1128 1830 tene·

122 1862 169 1912 tur
184 1851 378 1931 amplexuque
394 1852 507 1913 haeret.
539 1852 681 1912 sideritim
697 1853 735 1914 ob
752 1852 781 1912 id
798 1853 856 1914 alio
872 1855 989 1914 nomine
1010 1863 1127 1931 vocant,

122 1935 236 2015 quidam
246 1935 412 1996 Heraclion.
434 1954 553 2012 magnes
566 1935 729 2013 appellatus
744 1946 790 1997 est
801 1937 838 1998 ab
850 1939 1017 2014 inventore,
1032 1946 1063 1996 ut
1078 1956 1127 1997 au·
1135 1955 1162 1996 20

122 2029 187 2081 ctor
203 2029 249 2079 est
264 2018 426 2096 Nicander,
441 2021 471 2078 in
488 2018 538 2079 lda
554 2028 710 2097 repertus,
732 2038 855 2099 namque
871 2031 902 2081 et
922 2025 1028 2101 passim
1045 2023 1126 2080 inve·

121 2105 286 2180 niuntur,in
296 2102 434 2180 Hispania
446 2120 572 2181 quoque.
588 2105 738 2165 invenisse
751 2114 846 2166 autem
858 2107 951 2166 fertur
961 2105 1049 2167 clavis
1063 2123 1126 2164 ore-

123 2187 252 2265 pidarum
267 2186 421 2264 baculique
440 2188 560 2265 cuspide
573 2186 781 2268 haerentibus,
804 2209 867 2251 cum
882 2199 1009 2251 armenta
1025 2207 1127 2269 pasce·

80 2283 132 2338 128
144 2279 198 2332 ret,
222 2269 356 2350 Quinque
372 2289 484 2349 genera
495 2275 638 2350 magnetis
651 2272 775 2335 Sotacus
792 2276 986 2335 demonstrat:
1004 2273 1127 2334 Aethio·

123 2359 217 2436 picum
240 2365 270 2416 et
292 2374 309 2416 a
325 2354 477 2434 Magnesia
492 2355 681 2418 Macedoniae
703 2361 882 2418 contermina
898 2359 933 2417 ab
950 2356 1045 2417 Elone
1060 2357 1163 2418 bol-sa

122 2443 181 2502 ben
203 2441 295 2500 lacum
320 2441 491 2520 petentibus
513 2440 632 2517 dextra,
654 2444 771 2500 tertium
789 2443 819 2498 in
835 2439 945 2515 llyetto
971 2440 1127 2519 Boeotiae,

123 2533 255 2603 quartum
273 2527 350 2584 circa
365 2523 573 2584 Alexandriam
592 2523 754 2599 Troadem,
778 2524 907 2600 quintum
928 2523 958 2581 in
975 2520 1128 2599 Magnesia

122 2610 221 2669 Asiae.
258 2608 422 2669 differentia
444 2609 553 2686 prima,
578 2626 640 2668 mas
662 2609 701 2667 sit
726 2624 761 2667 an
788 2606 911 2683 femina,
934 2623 1074 2684 proxuma
1097 2610 1128 2668 in

123 2692 237 2753 colore.
274 2710 339 2752 nam
362 2693 410 2769 qui
436 2693 466 2750 in
488 2691 639 2769 Magnesia
657 2688 844 2751 Macedonica
864 2691 1052 2769 reperiuntur
1072 2693 1127 2752 ruli

123 2777 258 2852 nigrique
281 2785 364 2850 sunt,
388 2775 505 2834 Boeotii
526 2792 600 2834 vero
621 2774 674 2833 ruli
694 2773 804 2835 coloris
826 2774 892 2853 plus
915 2775 1023 2836 habent
1042 2794 1163 2854 quamdo

123 2859 207 2934 nigri.
251 2858 277 2916 is
300 2860 348 2934 qui
371 2857 488 2917 Troade
510 2858 657 2917 invenitur
678 2860 763 2937 niger
781 2868 828 2920 est
852 2868 882 2920 et
900 2860 1017 2920 feminei
1036 2877 1126 2920 sexus

123 2941 250 3019 ideoque
267 2942 331 2999 sine
348 2941 479 3016 viribus,
503 2940 677 3002 deterrimus
698 2951 794 3003 autem
809 2946 839 3003 in
852 2941 1004 3021 Magnesia
1022 2942 1126 3020 Asiae,

124 3024 261 3086 candidus
274 3041 371 3101 neque
386 3023 535 3084 attrahens
552 3025 661 3086 ferrum
678 3028 839 3106 similisque
854 3030 968 3106 pumici.
1002 3044 1128 3106 conper-

81 3121 133 3176 129
147 3119 205 3170 tum
221 3117 301 3170 tanto
325 3107 465 3168 meliores
482 3127 552 3170 esse
575 3120 683 3188 quanto
705 3114 762 3170 sint
781 3114 872 3189 magis
893 3111 1031 3174 caerulei.
1066 3111 1127 3172 Ae·

124 3195 254 3274 thiopico
272 3192 365 3273 palma
380 3193 463 3253 datur
477 3194 650 3273 pondusque
665 3203 789 3273 argento
804 3195 982 3275 rependitur.
1014 3197 1162 3258 inveni-as

124 3289 171 3340 tur
192 3279 239 3339 hic
258 3281 287 3339 in
316 3277 495 3358 Aethiopiae
519 3277 616 3339 Zmiri.
658 3281 698 3340 ita
719 3287 841 3340 vocatur
860 3282 946 3358 regio
968 3279 1125 3358 harenosa,

123 3365 163 3424 ibi
192 3373 222 3424 et
250 3363 421 3426 haematites
441 3381 561 3442 magnes
590 3365 741 3442 sanguinei
763 3363 873 3424 coloris
898 3366 1126 3442 sanguinemque

109 3448 259 3526 reddens,
276 3451 306 3510 si
321 3457 449 3525 teratur,
466 3447 519 3508 sed
537 3456 567 3509 et
581 3465 706 3508 crocum.
736 3450 765 3507 in
781 3448 952 3509 attrahendo
966 3447 1048 3508 ferro
1065 3465 1127 3510 non
