2378 3840
369 196 446 244 nur.
469 195 558 244 ursr.
582 183 882 260 xxx111.1.(2-5.)
1104 183 1122 242 5

129 351 220 408 miror
235 347 368 428 Tarquini
385 351 448 409 eius
466 359 586 410 statuam
600 352 663 409 sine
684 348 769 408 anulo
793 368 868 408 esse.
906 366 1072 426 quamquam
1094 355 1124 408 et

131 432 166 492 de
182 434 297 492 nomine
315 434 380 510 ipso
399 433 504 510 ambigi
520 434 616 493 video.
655 432 757 493 Graeci
780 431 909 509 adigitis
925 431 1123 508 appellavere,

130 514 204 592 apud
219 534 272 575 nos
288 517 375 593 prisci
392 516 525 593 ungulum
539 517 692 592 vocabant,
707 524 810 593 postea
825 524 855 575 et
868 512 970 573 Graeci
987 522 1016 573 et
1031 515 1123 573 nostri

130 598 298 673 symbolum.
331 598 432 677 Longo
448 608 529 659 certe
547 608 678 677 tempore
695 618 731 658 ue
747 607 876 658 senatum
892 599 1004 675 quidem
1018 596 1121 656 Roma·
1133 608 1164 660 ll

107 698 194 740 onum
217 682 353 741 habuisse
378 700 483 742 aureos
503 679 683 742 manifestum
705 690 768 758 est,
796 682 936 758 siquidem
957 683 992 740 iis
1018 688 1124 740 tantum

129 766 177 842 qui
193 764 282 841 legati
298 765 463 825 ad‘exteras
480 769 576 844 gentis
592 769 658 826 ituri
681 775 781 826 essent
796 764 871 824 anuli
887 764 1003 842 publice
1019 764 1122 823 daban-

129 855 192 924 tur,
214 848 320 925 credo,
342 851 475 927 quoniam
492 851 531 908 ita
548 858 714 909 exterorum
730 849 946 908 honoratissimi
968 846 1121 923 intellege·

130 931 241 990 bantur.
273 950 369 1010 neque
381 931 444 992 aliis
459 935 497 991 uti
510 951 572 991 mos
589 934 642 992 luit
657 950 739 1008 quam
755 933 801 1008 qui
816 950 853 990 ex
865 949 899 991 ea
911 949 994 990 causa
1007 930 1123 1008 publice

130 1017 327 1091 accepissent,
351 1015 499 1091 volgoque
516 1018 559 1074 sic
575 1015 802 1091 triumphabant,
827 1023 857 1073 et
876 1033 939 1073 cum
957 1032 1066 1073 corona
1086 1033 1124 1073 ex

95 1112 200 1156 mauro
222 1096 345 1156 Etrusca
367 1099 559 1158 sustineretur
580 1115 595 1156 e
619 1107 721 1174 tergo,
744 1097 843 1156 anulus
869 1106 964 1157 tamen
985 1099 1013 1155 in
1031 1097 1122 1174 digito

128 1181 242 1239 ferreus
266 1188 329 1240 erat
353 1199 445 1259 aeque
468 1181 665 1258 triumphantis
692 1191 721 1240 et
745 1182 824 1241 servi
842 1182 969 1241 fortasse
987 1176 1123 1240 coronam

130 1264 307 1324 sustinentis.
344 1267 387 1323 sic
407 1265 589 1342 triumphavit
612 1264 647 1324 de
662 1264 799 1342 Iugurtha
816 1262 849 1324 C.
864 1263 970 1324 Marius
993 1273 1165 1327 aureum-12

130 1365 186 1423 que
201 1365 258 1406 non
273 1356 338 1408 ante
352 1349 466 1407 tertium
482 1347 659 1407 consulatum
677 1350 837 1426 sumpsisse
853 1348 981 1408 traditur.
1006 1349 1034 1407 hi
1054 1366 1122 1425 quo·

129 1448 184 1506 que
202 1432 249 1508 qui
268 1430 305 1489 ob
322 1431 497 1507 legationem
519 1440 692 1508 acceperant
707 1450 812 1491 aureos
832 1434 860 1491 in
879 1430 997 1509 publico
1015 1440 1123 1490 tantum

95 1528 118 1566 15
129 1512 283 1570 utebantur
294 1514 347 1587 iis,
362 1515 435 1571 intra
448 1514 548 1572 domos
561 1532 632 1573 vero
645 1515 768 1590 lerreis,
784 1533 841 1592 quo
855 1524 1024 1591 argumento
1036 1516 1122 1574 etiam

128 1612 202 1652 nunc
222 1610 348 1670 sponsae
367 1597 493 1654 muneris
516 1597 580 1655 vice
610 1597 724 1655 ferreus
750 1596 850 1656 anulus
872 1599 1010 1674 mittitur,
1038 1601 1122 1675 isque

128 1679 192 1736 sine
215 1695 334 1753 gemma.
377 1676 517 1755 Equidem
538 1696 592 1736 nec
611 1678 707 1737 Iliacis
731 1679 910 1756 temporibus
931 1680 1006 1740 ullos
1030 1682 1121 1741 luisse

128 1759 229 1819 anulos
245 1760 343 1837 video,
355 1779 492 1838 nusquam
507 1769 588 1820 certe
600 1760 741 1820 Homerus
753 1761 833 1837 dicit,
846 1780 908 1820 cum
925 1771 954 1821 et
970 1763 1121 1824 codicillos

129 1844 287 1902 missitatos
304 1844 492 1922 epistularum
506 1845 599 1922 gratia
617 1845 723 1904 indicet
742 1853 771 1904 et
789 1844 919 1904 conditas
938 1848 1012 1905 arcis
1030 1849 1121 1906 vestis

92 1940 118 1980 ao
129 1944 161 1984 ae
177 1944 245 1985 vasa
260 1945 348 1988 aurea
362 1937 570 2006 argenteaque,
587 1937 617 1987 et
632 1947 681 1988 eas
698 1928 857 2005 conligatas
874 1928 952 2002 nodi,
971 1947 1028 1988 nou
1044 1929 1120 1989 anuli

128 2018 203 2068 nota.
234 2013 333 2070 sortiri
353 2028 468 2089 quoque
484 2021 583 2071 contra
600 2015 825 2090 provocationes
849 2012 938 2071 duces
957 2031 1014 2072 non
1029 2012 1120 2073 anulis

129 2092 221 2152 tradit.
258 2093 386 2154 fabricae
409 2097 493 2154 etiem
510 2095 593 2155 deum
618 2096 718 2155 libulas
739 2105 769 2156 et
791 2096 845 2156 elie
860 2096 1010 2156 muliebris
1027 2096 1120 2156 cultus

128 2177 203 2233 sicut
223 2175 330 2234 inauris
352 2179 381 2234 in
402 2178 558 2253 primordio
580 2180 746 2255 lectitasse,
764 2182 828 2239 sine
849 2183 996 2240 mentione
1023 2180 1120 2240 anulo·

127 2275 196 2318 rum.
233 2255 270 2314 Et
285 2260 414 2336 quisquis
431 2261 538 2336 primus
559 2262 683 2320 instituit
699 2271 867 2322 cunctanter
880 2262 908 2322 id
925 2264 1012 2341 lecit,
1029 2264 1163 2331 laevis13

92 2339 257 2399 romanibus
274 2339 488 2419 latentibusque
504 2342 606 2418 induit,
623 2362 696 2418 cum,
715 2346 739 2402 si
756 2345 849 2404 honos
868 2365 988 2405 securus
1003 2349 1119 2424 luisset,

126 2423 230 2484 dextra
246 2423 335 2484 luerit
360 2423 557 2483 ostentandus.
595 2425 698 2501 quodsi
728 2428 952 2504 inpedimentum
974 2433 1067 2504 potuit
1090 2434 1119 2490 in

127 2525 163 2566 eo
180 2508 298 2586 aliquod
313 2508 461 2586 intellegi,
477 2509 563 2567 etiam
578 2510 699 2567 serioris
716 2527 783 2568 usus
798 2517 995 2585 argumentum
1011 2521 1071 2588 est,
1089 2522 1119 2572 et

125 2592 215 2650 maius
229 2595 258 2650 in
280 2591 362 2651 laeva
382 2591 488 2651 fuisset
506 2609 561 2669 qua
577 2600 687 2651 scutum
701 2595 822 2669 capitur.
855 2600 901 2652 est
916 2592 1029 2669 quidem
1045 2597 1118 2673 apud

127 2672 249 2732 eundem
270 2672 422 2734 Homerum
442 2677 570 2734 virorum
591 2675 717 2734 crinibus
741 2694 837 2734 aurum
859 2675 1023 2753 inplexom,
1051 2678 1117 2738 ideo

92 2759 228 2815 eonescio
240 2773 275 2815 an
290 2758 371 2832 prior
390 2776 457 2816 usus
474 2777 489 2816 a
506 2758 620 2817 leminis
637 2761 778 2836 coeperit.

190 2838 248 2914 (5.)
267 2836 376 2899 Romae
392 2858 428 2899 ne
444 2841 498 2899 init
512 2842 625 2917 quidem
641 2860 737 2901 aurum
748 2844 802 2901 nisi
818 2842 966 2902 admodum
982 2845 1160 2921 exiguum14

127 2920 215 2996 longo
235 2929 375 2997 tempore.
402 2932 483 2982 certe
496 2942 557 2982 cum
571 2945 586 2984 a
599 2923 688 2983 Gallis
700 2934 783 3003 capta
799 2926 871 2986 urbe
888 2945 944 3004 pax
961 2938 1116 3006 emeretur,

126 3019 184 3062 non
199 3002 264 3080 plus
278 3021 359 3080 quam
370 3024 408 3066 00
420 3007 515 3083 pondo
530 3007 605 3067 eihci
620 3015 752 3085 potuere.
773 3028 827 3068 nec
839 3011 943 3086 ignoro
957 3030 1036 3072 0000
1048 3030 1118 3088 pon-

125 3085 162 3145 do
176 3087 235 3145 euri
250 3088 363 3164 perisse
378 3088 497 3165 Pompei
509 3088 558 3148 lll.
569 3090 719 3151 consulatu
730 3089 910 3169 eCapitolini
922 3092 1000 3153 lovis
1013 3094 1088 3153 solio
1101 3114 1116 3154 a

90 3182 114 3223 ³5
125 3167 246 3229 Camillo
259 3170 298 3229 ibi
311 3171 437 3247 condita,
453 3180 483 3230 et
493 3172 559 3231 ideo
573 3191 589 3232 a
601 3174 749 3252 plerisque
761 3177 919 3234 existimari
933 3179 1115 3254 cccopoudo

124 3253 248 3313 conlata.
265 3255 317 3314 sed
329 3255 407 3331 quod
418 3258 543 3315 accessit
556 3276 594 3316 ex
606 3255 750 3318 Gallorum
763 3259 870 3336 praeda
880 3258 934 3318 luit
946 3260 1116 3320 detractum-

125 3355 181 3415 que
196 3337 232 3396 ab
248 3339 283 3398 iis
302 3339 331 3397 in
345 3348 428 3417 parte
449 3347 551 3417 captae
571 3341 650 3400 urbis
673 3341 810 3402 delubris.
849 3341 947 3402 Gallos
965 3363 1027 3404 eum
1045 3362 1114 3404 auro
1126 3360 1157 3409 15

123 3437 254 3498 pugnare
276 3421 382 3483 solitos
398 3420 563 3500 Torquatus
580 3424 686 3484 iudicio
705 3436 759 3487 est.
796 3428 916 3513 adparet
932 3445 1004 3506 ergo
1021 3427 1115 3488 Gallo·
