2378 3840
135 185 193 248 148
480 197 510 245 o.
525 198 619 245 rurnr
634 197 784 246 suenum
844 211 846 216 ·

133 370 186 412 nos
204 350 341 431 quidquid
361 351 403 410 illi
424 350 579 430 prodidere
599 350 764 412 mirandum.
802 351 990 412 Phaethontis
1010 350 1133 414 fulmine

131 436 181 495 icti
199 453 320 495 sorores
344 434 422 494 luctu
438 443 559 495 mutatas
578 437 607 493 in
629 436 751 496 arbores
776 434 900 514 populos
921 435 1045 495 lacrimis
1068 436 1133 496 ele·

131 527 222 578 ctrum
241 518 372 578 omnibus
393 520 474 578 annis
496 517 618 578 lundene
642 519 719 578 iuxta
738 518 890 578 Eridanum
911 536 1021 578 amnem
1044 536 1132 596 quem

88 619 110 661 a,
124 621 157 656 m
172 602 277 662 Padum
291 603 468 678 vocavimus,
485 602 625 662 electrum
636 601 823 680 appellatum,
840 603 972 680 quonlam
988 601 1033 661 sol
1051 606 1132 664 voci·

131 691 205 744 tatus
228 687 266 745 sit
283 684 419 763 Elector,
442 686 565 764 plurumi
589 692 694 763 potitae
710 687 831 762 dixere,
855 687 1014 764 primique,
1038 694 1069 744 ut
1086 704 1154 750 ar·s

130 767 239 847 bitror,
258 769 438 845 Aeschylus,
460 769 654 844 Philoxenus,
674 768 846 847 Euripides,
868 769 1004 845 Satyrus,
1024 767 1131 830 Nican-

87 859 121 914 32
133 850 201 929 der,
217 851 294 930 quod
311 871 378 913 esse
393 852 495 912 ialsum
509 851 611 911 ltaliae
626 853 794 912 testimonio
809 860 896 931 patet.
923 852 1130 930 diligentiores

130 952 230 995 eorum
251 934 414 996 Electridas
439 936 548 996 insulas
572 937 600 995 in
622 937 692 994 mari
712 933 877 996 Hadriatico
901 954 969 995 esse
993 934 1130 996 dixerunt

130 1017 164 1077 ad
182 1037 253 1097 quas
273 1019 460 1080 delaberetur
476 1018 564 1079 Pado.
599 1037 653 1099 qua
667 1019 865 1097 appellatione
882 1019 977 1079 nullus
997 1036 1130 1096 umquam

130 1101 170 1161 ibi
187 1105 279 1164 luisse
295 1111 406 1164 certum
422 1111 485 1178 est,
502 1122 556 1163 nec
571 1120 644 1163 vero
663 1103 734 1162 ullas
748 1104 788 1162 ita
804 1104 914 1181 positas
931 1102 1040 1163 essein
1055 1119 1165 1180 quaero

131 1187 280 1263 quicquam
303 1205 388 1245 cursu
409 1185 477 1245 Padi
503 1186 607 1247 devehi
633 1188 735 1264 possit.
773 1204 836 1246 nuru
860 1186 937 1264 quod
960 1184 1128 1261 Aeschylus

129 1269 158 1326 in
173 1267 288 1344 lberia,
304 1269 360 1328 hoc
375 1277 420 1326 est
438 1271 467 1326 in
481 1267 635 1346 Hispania,
651 1268 805 1329 Eridanum
821 1287 889 1330 esse
905 1269 978 1328 dixit
992 1268 1130 1328 eundem-

131 1367 187 1428 que
203 1349 358 1430 appellari
360 1351 545 1429 Rhodanum,
568 1351 723 1430 Euripides
745 1371 844 1412 rursus
860 1362 890 1412 et
907 1351 1080 1431 Apollonius
1096 1354 1129 1417 in

128 1431 293 1496 lladriatioo
315 1435 401 1495 litore
422 1436 571 1497 confluere
585 1435 753 1496 Rhodanum
775 1445 805 1496 et
820 1435 943 1511 Padum,
965 1434 1128 1496 faciliorem

85 1527 120 1581 33
132 1519 243 1579 veniam
254 1520 323 1579 lacit
337 1520 462 1597 ignorati
478 1520 570 1581 sucini
586 1521 614 1580 in
633 1528 711 1580 tanta
733 1521 894 1597 ignorantia
909 1520 999 1579 orbis.
1026 1519 1127 1580 mode·
1140 1539 1165 1579 re

128 1605 251 1678 stiores,
272 1603 325 1663 sed
342 1621 435 1682 aeque
453 1603 572 1680 falsum,
594 1602 751 1682 prodidere
771 1604 801 1663 in
816 1605 954 1664 extremis
969 1601 1128 1664 lladriatici

129 1686 208 1744 sinus
224 1687 309 1746 inviis
326 1688 445 1766 rupibus
457 1688 579 1748 arbores
595 1695 673 1747 stare
686 1705 760 1765 quac
775 1688 853 1747 oanis
869 1695 934 1746 ortu
949 1686 1021 1746 hanc
1035 1685 1128 1747 effun-

129 1769 232 1828 derent
247 1771 385 1831 cummim.
410 1769 628 1850 Theophrastus
645 1770 732 1830 effodi
744 1773 773 1830 in
784 1770 901 1848 Liguria
913 1770 996 1846 dixit,
1013 1767 1126 1832 Chares

128 1869 199 1913 vero
209 1852 419 1914 Phaethontem
430 1856 460 1914 in
470 1853 629 1932 Aethiopia
640 1852 803 1915 Hammonis
815 1854 938 1930 obiisse,
951 1854 991 1914 ibi
1003 1862 1033 1914 et
1045 1853 1127 1914 delu-

128 1935 209 1995 brum
225 1937 287 1997 eius
300 1956 368 1998 esse
384 1947 471 2016 atque
485 1937 630 1998 oraculum
646 1938 843 2015 electrumque
857 1939 946 2014 gigni.
973 1936 1126 1998 Philemon
1136 1961 1162 2001 ao

126 2019 230 2079 fossile
249 2039 317 2080 esse
335 2029 364 2080 et
379 2023 409 2080 in
424 2019 540 2097 Scythia
557 2021 618 2080 erui
636 2019 748 2080 duobus
765 2019 854 2097 locis,
873 2020 1021 2081 candidum
1036 2029 1125 2098 atque

126 2104 205 2162 cerei
226 2102 334 2162 coloris
351 2103 426 2181 quod
446 2111 601 2164 vocaretur
618 2103 773 2181 electrum,
800 2105 828 2164 in
849 2104 906 2164 alio
921 2103 1030 2164 fulvom
1047 2105 1125 2182 qnod

83 2186 326 2263 34appellaretur
354 2186 576 2249 sualitcrnicum.
622 2186 824 2248 Demostratus
852 2187 1009 2264 lyncurium
1036 2196 1126 2248 vocat

127 2277 156 2328 et
185 2269 248 2329 lieri
275 2287 313 2329 ex
335 2270 416 2330 urina
440 2270 552 2346 lyncum
573 2271 747 2349 bestiarum,
775 2291 791 2332 e
815 2272 939 2332 maribus
963 2270 1072 2331 fulvom
1094 2279 1126 2331 et

126 2354 260 2430 igneum,
274 2371 290 2412 e
302 2353 416 2414 leminis
432 2354 592 2432 languidius
605 2363 692 2433 atque
709 2354 865 2415 candidum.
892 2354 965 2414 alios
980 2353 1009 2413 id
1023 2353 1161 2425 dicerent

126 2437 286 2513 langurium
311 2446 340 2498 et
365 2456 433 2500 esse
459 2440 488 2497 in
511 2438 594 2498 ltalia
612 2438 722 2498 bestias
747 2437 895 2512 languros.
935 2434 1125 2498 Zenothemis

42 2546 49 2561 ·
126 2520 225 2597 langas
242 2529 328 2581 vocat
347 2523 462 2582 easdem
485 2530 514 2582 et
530 2523 606 2582 circa
620 2520 725 2580 Padum
740 2521 775 2577 iis
792 2519 879 2577 vitam
899 2518 1047 2594 adsignat,
1070 2519 1126 2580 Sn-

107 2614 110 2620 “
125 2604 206 2664 diues
222 2604 358 2665 arborem
369 2622 442 2683 qnae
457 2607 557 2682 gignat
567 2606 597 2663 in
608 2602 724 2678 Liguria
739 2602 837 2661 vocari
853 2600 946 2678 lynea.
976 2601 1006 2661 iu
1021 2601 1126 2663 eadem

83 2699 116 2752 35
129 2689 274 2747 sententia
300 2695 329 2747 et
345 2687 531 2749 Metrodorus
551 2687 614 2746 init.
654 2685 776 2744 Sotacus
793 2684 915 2747 credidit
931 2687 960 2745 in
976 2685 1125 2748 Britannia

126 2771 218 2847 petris
242 2769 365 2830 ellluere
387 2789 457 2849 quas
482 2768 636 2831 electridas
658 2763 790 2845 vocavit,
810 2767 936 2845 Pytheas
960 2767 1160 2833 Guionibuseo

126 2850 295 2911 Germaniae
317 2861 406 2928 gente
429 2853 521 2913 adcoli
544 2853 718 2911 aestuarium
739 2850 928 2912 Metonomon
949 2853 1064 2912 nomine
1085 2855 1123 2914 ab

126 2950 236 2994 oceano
252 2936 347 3011 spatio
363 2936 520 2995 stadiorum
534 2952 589 2994 sex
599 2934 723 3011 milium,
739 2935 774 2995 ab
790 2935 846 2995 hoc
861 2935 918 2996 diei
936 2936 1123 3013 navigatione

125 3018 232 3079 abesse
259 3017 380 3076 insulam
401 3017 540 3094 Abalum,
569 3018 620 3077 illo
645 3037 699 3097 per
722 3037 775 3079 ver
798 3019 932 3079 iluctibus
959 3018 1063 3079 advehi
1091 3029 1124 3080 et

126 3121 193 3163 esse
219 3103 349 3161 concreti
378 3102 463 3162 maris
492 3106 725 3180 purgamentum,
756 3102 866 3165 incolas
895 3120 949 3181 pro
979 3102 1060 3179 ligno
1086 3104 1122 3164 ad

82 3197 116 3252 36
128 3189 224 3264 ignem
235 3186 276 3244 uti
289 3203 326 3245 co
339 3186 544 3264 proxumisquc
556 3184 695 3246 Teutonis
707 3186 847 3247 vendere.
870 3184 936 3245 huic
949 3194 979 3246 et
987 3184 1121 3246 Timaeus
1132 3206 1158 3247 as

125 3270 265 3345 credidit,
287 3269 340 3330 sed
362 3269 482 3329 insulam
506 3269 640 3329 Basiliam
663 3271 789 3330 vocavit.
830 3268 981 3329 Philemon
1003 3271 1123 3345 negavit

125 3355 260 3414 dammam
277 3354 312 3412 ab
332 3353 444 3414 electro
461 3351 553 3413 reddi.
592 3352 688 3414 Nicias
708 3352 780 3413 solis
805 3352 949 3413 radiorum
964 3368 1061 3412 sucum
1079 3353 1123 3412 in·

110 3437 223 3512 tellegi
239 3436 340 3498 uoluit.
378 3438 434 3501 hos
455 3439 533 3500 circa
554 3454 686 3498 occasum
703 3436 940 3497 vehementiores
962 3436 991 3493 in
1012 3441 1123 3496 terram
