<?xml version="1.0" encoding="UTF-8"?>
<!DOCTYPE html PUBLIC "-//W3C//DTD XHTML 1.0 Transitional//EN"
    "http://www.w3.org/TR/xhtml1/DTD/xhtml1-transitional.dtd">
<html xmlns="http://www.w3.org/1999/xhtml" xml:lang="en" lang="en">
 <head>
  <title>
</title>
<meta http-equiv="Content-Type" content="text/html;charset=utf-8" />
  <meta name='ocr-system' content='tesseract 3.04.00' />
  <meta name='ocr-capabilities' content='ocr_page ocr_carea ocr_par ocr_line ocrx_word'/>
</head>
<body>
  <div class='ocr_page' id='page_1' title='image "./cplinisecundina05plingoog_0163.png"; bbox 0 0 2378 3840; ppageno 0'>
   <div class='ocr_carea' id='block_1_1' title="bbox 108 174 762 236">
    <p class='ocr_par' dir='ltr' id='par_1_1' title="bbox 108 174 762 236">
     <span class='ocr_line' id='line_1_1' title="bbox 108 174 762 236; baseline -0.006 0"><span class='ocrx_word' id='word_1_1' title='bbox 108 174 149 236; x_wconf 81' lang='grc'><strong>46</strong></span> <span class='ocrx_word' id='word_1_2' title='bbox 455 184 486 233; x_wconf 86' lang='lat' dir='ltr'><strong>c.</strong></span> <span class='ocrx_word' id='word_1_3' title='bbox 502 186 596 233; x_wconf 80' lang='lat' dir='ltr'><strong>rurru</strong></span> <span class='ocrx_word' id='word_1_4' title='bbox 611 184 762 234; x_wconf 81' lang='lat' dir='ltr'><strong>sucorum</strong></span> 
     </span>
    </p>
   </div>
   <div class='ocr_carea' id='block_1_2' title="bbox 66 337 1110 759">
    <p class='ocr_par' dir='ltr' id='par_1_2' title="bbox 66 337 1110 759">
     <span class='ocr_line' id='line_1_2' title="bbox 109 337 1110 418; baseline 0 -18"><span class='ocrx_word' id='word_1_5' title='bbox 109 342 185 416; x_wconf 94' lang='lat' dir='ltr'><strong>roni,</strong></span> <span class='ocrx_word' id='word_1_6' title='bbox 202 339 393 418; x_wconf 76' lang='lat' dir='ltr'><strong>Pythagorae.</strong></span> <span class='ocrx_word' id='word_1_7' title='bbox 422 341 538 400; x_wconf 90' lang='lat' dir='ltr'><strong>laudant</strong></span> <span class='ocrx_word' id='word_1_8' title='bbox 556 341 618 399; x_wconf 91' lang='lat' dir='ltr'><strong>eins</strong></span> <span class='ocrx_word' id='word_1_9' title='bbox 632 337 761 399; x_wconf 86' lang='lat' dir='ltr'><strong>Larisam</strong></span> <span class='ocrx_word' id='word_1_10' title='bbox 777 347 806 398; x_wconf 89' lang='lat' dir='ltr'><strong>et</strong></span> <span class='ocrx_word' id='word_1_11' title='bbox 825 338 1008 417; x_wconf 80' lang='lat' dir='ltr'><strong>spintharum</strong></span> <span class='ocrx_word' id='word_1_12' title='bbox 1024 348 1110 418; x_wconf 87' lang='lat' dir='ltr'><strong>pent·</strong></span> 
     </span>
     <span class='ocr_line' id='line_1_3' title="bbox 111 421 1107 502; baseline -0.001 -19"><span class='ocrx_word' id='word_1_13' title='bbox 111 423 218 484; x_wconf 88' lang='lat' dir='ltr'><strong>athlum</strong></span> <span class='ocrx_word' id='word_1_14' title='bbox 240 433 270 485; x_wconf 89' lang='lat' dir='ltr'><strong>et</strong></span> <span class='ocrx_word' id='word_1_15' title='bbox 285 423 461 502; x_wconf 78' lang='lat' dir='ltr'><strong>Apollinem.</strong></span> <span class='ocrx_word' id='word_1_16' title='bbox 491 423 539 482; x_wconf 92' lang='lat' dir='ltr'><strong>alii</strong></span> <span class='ocrx_word' id='word_1_17' title='bbox 564 440 623 483; x_wconf 91' lang='lat' dir='ltr'><strong>non</strong></span> <span class='ocrx_word' id='word_1_18' title='bbox 638 422 710 482; x_wconf 90' lang='lat' dir='ltr'><strong>hanc</strong></span> <span class='ocrx_word' id='word_1_19' title='bbox 725 421 917 498; x_wconf 81' lang='lat' dir='ltr'><strong>ignobilitatis</strong></span> <span class='ocrx_word' id='word_1_20' title='bbox 932 422 1024 483; x_wconf 89' lang='lat' dir='ltr'><strong>inisse</strong></span> <span class='ocrx_word' id='word_1_21' title='bbox 1040 441 1107 485; x_wconf 90' lang='lat' dir='ltr'><strong>oau-</strong></span> 
     </span>
     <span class='ocr_line' id='line_1_4' title="bbox 109 504 1105 584; baseline -0.003 -16"><span class='ocrx_word' id='word_1_22' title='bbox 109 525 185 582; x_wconf 88' lang='lat' dir='ltr'><strong>sam,</strong></span> <span class='ocrx_word' id='word_1_23' title='bbox 213 508 265 567; x_wconf 88' lang='lat' dir='ltr'><strong>sed</strong></span> <span class='ocrx_word' id='word_1_24' title='bbox 296 508 373 584; x_wconf 93' lang='lat' dir='ltr'><strong>quod</strong></span> <span class='ocrx_word' id='word_1_25' title='bbox 407 526 440 567; x_wconf 92' lang='lat' dir='ltr'><strong>se</strong></span> <span class='ocrx_word' id='word_1_26' title='bbox 468 525 571 584; x_wconf 89' lang='lat' dir='ltr'><strong>regum</strong></span> <span class='ocrx_word' id='word_1_27' title='bbox 602 504 710 566; x_wconf 82' lang='lat' dir='ltr'><strong>Xerxis</strong></span> <span class='ocrx_word' id='word_1_28' title='bbox 741 514 827 583; x_wconf 88' lang='lat' dir='ltr'><strong>atque</strong></span> <span class='ocrx_word' id='word_1_29' title='bbox 856 505 945 565; x_wconf 91' lang='lat' dir='ltr'><strong>Darei</strong></span> <span class='ocrx_word' id='word_1_30' title='bbox 981 506 1105 566; x_wconf 88' lang='lat' dir='ltr'><strong>oliicinis</strong></span> 
     </span>
     <span class='ocr_line' id='line_1_5' title="bbox 66 587 1105 759; baseline -0.004 -108"><span class='ocrx_word' id='word_1_31' title='bbox 66 587 270 759; x_wconf 63' lang='lat' dir='ltr'><strong>oqdediderit,</strong></span> <span class='ocrx_word' id='word_1_32' title='bbox 286 592 459 662; x_wconf 83' lang='lat' dir='ltr'><strong>existimant.</strong></span> <span class='ocrx_word' id='word_1_33' title='bbox 494 591 557 670; x_wconf 81' lang='lat' dir='ltr'><strong>[to]</strong></span> <span class='ocrx_word' id='word_1_34' title='bbox 573 589 736 650; x_wconf 85' lang='lat' dir='ltr'><strong>Praxiteles</strong></span> <span class='ocrx_word' id='word_1_35' title='bbox 753 605 869 667; x_wconf 91' lang='lat' dir='ltr'><strong>quoque</strong></span> <span class='ocrx_word' id='word_1_36' title='bbox 884 605 1027 650; x_wconf 90' lang='lat' dir='ltr'><strong>marmore</strong></span> <span class='ocrx_word' id='word_1_37' title='bbox 1042 588 1105 649; x_wconf 89' lang='lat' dir='ltr'><strong>ieli-</strong></span> 
     </span>
    </p>
   </div>
   <div class='ocr_carea' id='block_1_3' title="bbox 62 671 1163 3508">
    <p class='ocr_par' dir='ltr' id='par_1_3' title="bbox 62 671 1163 3508">
     <span class='ocr_line' id='line_1_6' title="bbox 110 671 1127 750; baseline -0.004 -15"><span class='ocrx_word' id='word_1_38' title='bbox 110 677 190 750; x_wconf 90' lang='lat' dir='ltr'><strong>cior,</strong></span> <span class='ocrx_word' id='word_1_39' title='bbox 217 674 284 735; x_wconf 92' lang='lat' dir='ltr'><strong>ideo</strong></span> <span class='ocrx_word' id='word_1_40' title='bbox 308 683 337 734; x_wconf 93' lang='lat' dir='ltr'><strong>et</strong></span> <span class='ocrx_word' id='word_1_41' title='bbox 361 674 467 735; x_wconf 89' lang='lat' dir='ltr'><strong>clarior</strong></span> <span class='ocrx_word' id='word_1_42' title='bbox 483 674 546 734; x_wconf 87' lang='lat' dir='ltr'><strong>fuit.</strong></span> <span class='ocrx_word' id='word_1_43' title='bbox 585 674 656 733; x_wconf 86' lang='lat' dir='ltr'><strong>iecit</strong></span> <span class='ocrx_word' id='word_1_44' title='bbox 671 681 766 733; x_wconf 90' lang='lat' dir='ltr'><strong>tamen</strong></span> <span class='ocrx_word' id='word_1_45' title='bbox 784 681 814 732; x_wconf 90' lang='lat' dir='ltr'><strong>et</strong></span> <span class='ocrx_word' id='word_1_46' title='bbox 833 689 871 732; x_wconf 85' lang='lat' dir='ltr'><strong>ex</strong></span> <span class='ocrx_word' id='word_1_47' title='bbox 886 691 956 733; x_wconf 89' lang='lat' dir='ltr'><strong>aere</strong></span> <span class='ocrx_word' id='word_1_48' title='bbox 973 671 1127 749; x_wconf 81' lang='lat' dir='ltr'><strong>pulcher-5</strong></span> 
     </span>
     <span class='ocr_line' id='line_1_7' title="bbox 109 753 1104 837; baseline -0.004 -20"><span class='ocrx_word' id='word_1_49' title='bbox 109 760 180 817; x_wconf 92' lang='lat' dir='ltr'><strong>rima</strong></span> <span class='ocrx_word' id='word_1_50' title='bbox 192 774 297 835; x_wconf 88' lang='lat' dir='ltr'><strong>opera:</strong></span> <span class='ocrx_word' id='word_1_51' title='bbox 314 757 510 837; x_wconf 83' lang='lat' dir='ltr'><strong>Proserpinae</strong></span> <span class='ocrx_word' id='word_1_52' title='bbox 522 765 644 836; x_wconf 90' lang='lat' dir='ltr'><strong>raptum,</strong></span> <span class='ocrx_word' id='word_1_53' title='bbox 660 758 729 816; x_wconf 91' lang='lat' dir='ltr'><strong>item</strong></span> <span class='ocrx_word' id='word_1_54' title='bbox 742 764 917 834; x_wconf 81' lang='lat' dir='ltr'><strong>catagusam,</strong></span> <span class='ocrx_word' id='word_1_55' title='bbox 930 763 959 817; x_wconf 87' lang='lat' dir='ltr'><strong>et</strong></span> <span class='ocrx_word' id='word_1_56' title='bbox 970 753 1104 814; x_wconf 88' lang='lat' dir='ltr'><strong>Liberum</strong></span> 
     </span>
     <span class='ocr_line' id='line_1_8' title="bbox 109 835 1102 920; baseline -0.005 -20"><span class='ocrx_word' id='word_1_57' title='bbox 109 850 238 920; x_wconf 90' lang='lat' dir='ltr'><strong>patrem,</strong></span> <span class='ocrx_word' id='word_1_58' title='bbox 263 842 436 901; x_wconf 90' lang='lat' dir='ltr'><strong>ebrietatem</strong></span> <span class='ocrx_word' id='word_1_59' title='bbox 457 841 644 918; x_wconf 86' lang='lat' dir='ltr'><strong>nobilemque</strong></span> <span class='ocrx_word' id='word_1_60' title='bbox 668 858 722 900; x_wconf 91' lang='lat' dir='ltr'><strong>una</strong></span> <span class='ocrx_word' id='word_1_61' title='bbox 741 839 874 917; x_wconf 77' lang='lat' dir='ltr'><strong>Satyrum</strong></span> <span class='ocrx_word' id='word_1_62' title='bbox 893 857 977 918; x_wconf 92' lang='lat' dir='ltr'><strong>quem</strong></span> <span class='ocrx_word' id='word_1_63' title='bbox 1000 835 1102 896; x_wconf 86' lang='lat' dir='ltr'><strong>Graeci</strong></span> 
     </span>
     <span class='ocr_line' id='line_1_9' title="bbox 109 920 1103 1003; baseline -0.006 -18"><span class='ocrx_word' id='word_1_64' title='bbox 109 925 286 1003; x_wconf 87' lang='lat' dir='ltr'><strong>periboeton</strong></span> <span class='ocrx_word' id='word_1_65' title='bbox 297 927 512 1003; x_wconf 83' lang='lat' dir='ltr'><strong>cognominant,</strong></span> <span class='ocrx_word' id='word_1_66' title='bbox 526 933 556 984; x_wconf 87' lang='lat' dir='ltr'><strong>et</strong></span> <span class='ocrx_word' id='word_1_67' title='bbox 568 925 650 1001; x_wconf 91' lang='lat' dir='ltr'><strong>signa</strong></span> <span class='ocrx_word' id='word_1_68' title='bbox 661 941 735 1001; x_wconf 81' lang='lat' dir='ltr'><strong>quae</strong></span> <span class='ocrx_word' id='word_1_69' title='bbox 750 932 816 983; x_wconf 91' lang='lat' dir='ltr'><strong>ante</strong></span> <span class='ocrx_word' id='word_1_70' title='bbox 828 922 986 984; x_wconf 78' lang='lat' dir='ltr'><strong>Felicitatis</strong></span> <span class='ocrx_word' id='word_1_71' title='bbox 1002 920 1103 980; x_wconf 89' lang='lat' dir='ltr'><strong>aedem</strong></span> 
     </span>
     <span class='ocr_line' id='line_1_10' title="bbox 110 1007 1104 1087; baseline -0.008 -19"><span class='ocrx_word' id='word_1_72' title='bbox 110 1009 213 1083; x_wconf 88' lang='lat' dir='ltr'><strong>fuere,</strong></span> <span class='ocrx_word' id='word_1_73' title='bbox 236 1008 442 1087; x_wconf 86' lang='lat' dir='ltr'><strong>Veneremque</strong></span> <span class='ocrx_word' id='word_1_74' title='bbox 465 1026 539 1087; x_wconf 92' lang='lat' dir='ltr'><strong>quae</strong></span> <span class='ocrx_word' id='word_1_75' title='bbox 562 1009 626 1087; x_wconf 94' lang='lat' dir='ltr'><strong>ipsa</strong></span> <span class='ocrx_word' id='word_1_76' title='bbox 650 1008 732 1068; x_wconf 90' lang='lat' dir='ltr'><strong>aedis</strong></span> <span class='ocrx_word' id='word_1_77' title='bbox 752 1007 887 1067; x_wconf 92' lang='lat' dir='ltr'><strong>incendio</strong></span> <span class='ocrx_word' id='word_1_78' title='bbox 908 1013 1032 1067; x_wconf 89' lang='lat' dir='ltr'><strong>cremata</strong></span> <span class='ocrx_word' id='word_1_79' title='bbox 1057 1011 1104 1062; x_wconf 85' lang='lat' dir='ltr'><strong>est</strong></span> 
     </span>
     <span class='ocr_line' id='line_1_11' title="bbox 110 1086 1141 1171; baseline -0.007 -19"><span class='ocrx_word' id='word_1_80' title='bbox 110 1090 209 1152; x_wconf 84' lang='lat' dir='ltr'><strong>Claudi</strong></span> <span class='ocrx_word' id='word_1_81' title='bbox 232 1095 410 1171; x_wconf 88' lang='lat' dir='ltr'><strong>principatu,</strong></span> <span class='ocrx_word' id='word_1_82' title='bbox 432 1109 610 1153; x_wconf 87' lang='lat' dir='ltr'><strong>marmoreae</strong></span> <span class='ocrx_word' id='word_1_83' title='bbox 630 1091 672 1151; x_wconf 95' lang='lat' dir='ltr'><strong>illi</strong></span> <span class='ocrx_word' id='word_1_84' title='bbox 694 1108 764 1151; x_wconf 90' lang='lat' dir='ltr'><strong>suae</strong></span> <span class='ocrx_word' id='word_1_85' title='bbox 785 1109 840 1170; x_wconf 93' lang='lat' dir='ltr'><strong>per</strong></span> <span class='ocrx_word' id='word_1_86' title='bbox 864 1099 958 1151; x_wconf 87' lang='lat' dir='ltr'><strong>terras</strong></span> <span class='ocrx_word' id='word_1_87' title='bbox 978 1086 1103 1148; x_wconf 89' lang='lat' dir='ltr'><strong>inclutae</strong></span> <span class='ocrx_word' id='word_1_88' title='bbox 1116 1107 1141 1146; x_wconf 85' lang='lat' dir='ltr'><strong>ro</strong></span> 
     </span>
     <span class='ocr_line' id='line_1_12' title="bbox 66 1169 1104 1254; baseline -0.007 -17"><span class='ocrx_word' id='word_1_89' title='bbox 66 1185 101 1242; x_wconf 77' lang='lat'><strong>70</strong></span> <span class='ocrx_word' id='word_1_90' title='bbox 111 1194 228 1254; x_wconf 92' lang='lat' dir='ltr'><strong>parem,</strong></span> <span class='ocrx_word' id='word_1_91' title='bbox 250 1179 318 1235; x_wconf 90' lang='lat' dir='ltr'><strong>item</strong></span> <span class='ocrx_word' id='word_1_92' title='bbox 333 1174 537 1253; x_wconf 90' lang='lat' dir='ltr'><strong>stephanusam</strong></span> <span class='ocrx_word' id='word_1_93' title='bbox 546 1217 556 1250; x_wconf 94' lang='lat'><strong>,</strong></span> <span class='ocrx_word' id='word_1_94' title='bbox 577 1174 794 1251; x_wconf 90' lang='lat' dir='ltr'><strong>pseliumenen,</strong></span> <span class='ocrx_word' id='word_1_95' title='bbox 809 1173 1019 1250; x_wconf 89' lang='lat' dir='ltr'><strong>canephoram,</strong></span> <span class='ocrx_word' id='word_1_96' title='bbox 1034 1169 1104 1230; x_wconf 92' lang='lat' dir='ltr'><strong>Har·</strong></span> 
     </span>
     <span class='ocr_line' id='line_1_13' title="bbox 108 1253 1105 1333; baseline -0.003 -16"><span class='ocrx_word' id='word_1_97' title='bbox 108 1258 232 1317; x_wconf 91' lang='lat' dir='ltr'><strong>modium</strong></span> <span class='ocrx_word' id='word_1_98' title='bbox 256 1265 286 1316; x_wconf 88' lang='lat' dir='ltr'><strong>et</strong></span> <span class='ocrx_word' id='word_1_99' title='bbox 302 1257 536 1333; x_wconf 81' lang='lat' dir='ltr'><strong>Aristogitonem</strong></span> <span class='ocrx_word' id='word_1_100' title='bbox 555 1255 763 1332; x_wconf 78' lang='lat' dir='ltr'><strong>tyrannicidas,</strong></span> <span class='ocrx_word' id='word_1_101' title='bbox 787 1272 860 1332; x_wconf 93' lang='lat' dir='ltr'><strong>quos</strong></span> <span class='ocrx_word' id='word_1_102' title='bbox 883 1273 900 1314; x_wconf 90' lang='lat' dir='ltr'><strong>a</strong></span> <span class='ocrx_word' id='word_1_103' title='bbox 917 1253 1018 1314; x_wconf 85' lang='lat' dir='ltr'><strong>Xerxe</strong></span> <span class='ocrx_word' id='word_1_104' title='bbox 1035 1254 1105 1314; x_wconf 91' lang='lat' dir='ltr'><strong>Per-</strong></span> 
     </span>
     <span class='ocr_line' id='line_1_14' title="bbox 109 1336 1105 1417; baseline -0.002 -19"><span class='ocrx_word' id='word_1_105' title='bbox 109 1358 203 1400; x_wconf 89' lang='lat' dir='ltr'><strong>sarum</strong></span> <span class='ocrx_word' id='word_1_106' title='bbox 226 1356 298 1417; x_wconf 90' lang='lat' dir='ltr'><strong>rege</strong></span> <span class='ocrx_word' id='word_1_107' title='bbox 320 1346 421 1417; x_wconf 90' lang='lat' dir='ltr'><strong>captos</strong></span> <span class='ocrx_word' id='word_1_108' title='bbox 440 1340 517 1398; x_wconf 86' lang='lat' dir='ltr'><strong>victa</strong></span> <span class='ocrx_word' id='word_1_109' title='bbox 532 1338 653 1399; x_wconf 87' lang='lat' dir='ltr'><strong>Perside</strong></span> <span class='ocrx_word' id='word_1_110' title='bbox 669 1337 899 1398; x_wconf 76' lang='lat' dir='ltr'><strong>Atheniensibus</strong></span> <span class='ocrx_word' id='word_1_111' title='bbox 917 1339 1030 1396; x_wconf 88' lang='lat' dir='ltr'><strong>remisit</strong></span> <span class='ocrx_word' id='word_1_112' title='bbox 1046 1336 1105 1396; x_wconf 87' lang='lat' dir='ltr'><strong>Ma-</strong></span> 
     </span>
     <span class='ocr_line' id='line_1_15' title="bbox 108 1420 1163 1501; baseline -0.005 -18"><span class='ocrx_word' id='word_1_113' title='bbox 108 1442 182 1501; x_wconf 89' lang='lat' dir='ltr'><strong>gnus</strong></span> <span class='ocrx_word' id='word_1_114' title='bbox 205 1423 381 1485; x_wconf 84' lang='lat' dir='ltr'><strong>Alexander.</strong></span> <span class='ocrx_word' id='word_1_115' title='bbox 429 1422 500 1482; x_wconf 89' lang='lat' dir='ltr'><strong>iecit</strong></span> <span class='ocrx_word' id='word_1_116' title='bbox 522 1432 553 1482; x_wconf 89' lang='lat' dir='ltr'><strong>et</strong></span> <span class='ocrx_word' id='word_1_117' title='bbox 574 1421 714 1501; x_wconf 89' lang='lat' dir='ltr'><strong>puberem</strong></span> <span class='ocrx_word' id='word_1_118' title='bbox 738 1420 905 1501; x_wconf 89' lang='lat' dir='ltr'><strong>Apollinem</strong></span> <span class='ocrx_word' id='word_1_119' title='bbox 933 1420 1104 1498; x_wconf 90' lang='lat' dir='ltr'><strong>subrepenti</strong></span> <span class='ocrx_word' id='word_1_120' title='bbox 1162 1450 1163 1453; x_wconf 34' lang='lat'>¹</span> 
     </span>
     <span class='ocr_line' id='line_1_16' title="bbox 109 1507 1142 1584; baseline -0.002 -17"><span class='ocrx_word' id='word_1_121' title='bbox 109 1507 237 1569; x_wconf 89' lang='lat' dir='ltr'><strong>lacertae</strong></span> <span class='ocrx_word' id='word_1_122' title='bbox 252 1509 408 1568; x_wconf 90' lang='lat' dir='ltr'><strong>comminus</strong></span> <span class='ocrx_word' id='word_1_123' title='bbox 425 1508 531 1584; x_wconf 90' lang='lat' dir='ltr'><strong>sagitta</strong></span> <span class='ocrx_word' id='word_1_124' title='bbox 547 1507 728 1567; x_wconf 86' lang='lat' dir='ltr'><strong>insidiantem</strong></span> <span class='ocrx_word' id='word_1_125' title='bbox 744 1513 1040 1584; x_wconf 89' lang='lat' dir='ltr'><strong>quemsauroctonon</strong></span> <span class='ocrx_word' id='word_1_126' title='bbox 1056 1521 1107 1563; x_wconf 84' lang='lat' dir='ltr'><strong>vo·</strong></span> <span class='ocrx_word' id='word_1_127' title='bbox 1117 1525 1142 1565; x_wconf 81' lang='lat' dir='ltr'><strong>ra</strong></span> 
     </span>
     <span class='ocr_line' id='line_1_17' title="bbox 109 1588 1107 1671; baseline -0.005 -21"><span class='ocrx_word' id='word_1_128' title='bbox 109 1600 182 1651; x_wconf 88' lang='lat' dir='ltr'><strong>cant.</strong></span> <span class='ocrx_word' id='word_1_129' title='bbox 219 1601 388 1671; x_wconf 86' lang='lat' dir='ltr'><strong>spectantur</strong></span> <span class='ocrx_word' id='word_1_130' title='bbox 407 1600 437 1652; x_wconf 92' lang='lat' dir='ltr'><strong>et</strong></span> <span class='ocrx_word' id='word_1_131' title='bbox 452 1592 508 1651; x_wconf 93' lang='lat' dir='ltr'><strong>duo</strong></span> <span class='ocrx_word' id='word_1_132' title='bbox 531 1592 614 1669; x_wconf 88' lang='lat' dir='ltr'><strong>signa</strong></span> <span class='ocrx_word' id='word_1_133' title='bbox 630 1592 693 1651; x_wconf 91' lang='lat' dir='ltr'><strong>eius</strong></span> <span class='ocrx_word' id='word_1_134' title='bbox 711 1592 845 1651; x_wconf 85' lang='lat' dir='ltr'><strong>diversos</strong></span> <span class='ocrx_word' id='word_1_135' title='bbox 864 1588 994 1650; x_wconf 88' lang='lat' dir='ltr'><strong>adfectus</strong></span> <span class='ocrx_word' id='word_1_136' title='bbox 1011 1589 1107 1665; x_wconf 87' lang='lat' dir='ltr'><strong>expri-</strong></span> 
     </span>
     <span class='ocr_line' id='line_1_18' title="bbox 108 1670 1107 1752; baseline -0.004 -19"><span class='ocrx_word' id='word_1_137' title='bbox 108 1677 231 1752; x_wconf 89' lang='lat' dir='ltr'><strong>mentia,</strong></span> <span class='ocrx_word' id='word_1_138' title='bbox 264 1675 360 1736; x_wconf 90' lang='lat' dir='ltr'><strong>ilentis</strong></span> <span class='ocrx_word' id='word_1_139' title='bbox 391 1685 540 1736; x_wconf 88' lang='lat' dir='ltr'><strong>matronae</strong></span> <span class='ocrx_word' id='word_1_140' title='bbox 570 1684 600 1735; x_wconf 87' lang='lat' dir='ltr'><strong>et</strong></span> <span class='ocrx_word' id='word_1_141' title='bbox 629 1676 793 1735; x_wconf 89' lang='lat' dir='ltr'><strong>meretricis</strong></span> <span class='ocrx_word' id='word_1_142' title='bbox 822 1672 984 1751; x_wconf 87' lang='lat' dir='ltr'><strong>gaudentis.</strong></span> <span class='ocrx_word' id='word_1_143' title='bbox 1034 1670 1107 1730; x_wconf 90' lang='lat' dir='ltr'><strong>hanc</strong></span> 
     </span>
     <span class='ocr_line' id='line_1_19' title="bbox 94 1746 1108 1845; baseline -0.005 -28"><span class='ocrx_word' id='word_1_144' title='bbox 94 1746 209 1845; x_wconf 79' lang='lat' dir='ltr'><strong>¹lputant</strong></span> <span class='ocrx_word' id='word_1_145' title='bbox 228 1759 363 1836; x_wconf 90' lang='lat' dir='ltr'><strong>Phrynen</strong></span> <span class='ocrx_word' id='word_1_146' title='bbox 381 1760 473 1822; x_wconf 88' lang='lat' dir='ltr'><strong>fuisse</strong></span> <span class='ocrx_word' id='word_1_147' title='bbox 495 1759 772 1839; x_wconf 88' lang='lat' dir='ltr'><strong>deprehenduntque</strong></span> <span class='ocrx_word' id='word_1_148' title='bbox 795 1758 825 1815; x_wconf 90' lang='lat' dir='ltr'><strong>in</strong></span> <span class='ocrx_word' id='word_1_149' title='bbox 849 1774 883 1817; x_wconf 89' lang='lat' dir='ltr'><strong>ea</strong></span> <span class='ocrx_word' id='word_1_150' title='bbox 899 1773 1026 1816; x_wconf 90' lang='lat' dir='ltr'><strong>amorem</strong></span> <span class='ocrx_word' id='word_1_151' title='bbox 1040 1755 1108 1814; x_wconf 90' lang='lat' dir='ltr'><strong>arti·</strong></span> 
     </span>
     <span class='ocr_line' id='line_1_20' title="bbox 66 1838 1106 1917; baseline -0.008 -13"><span class='ocrx_word' id='word_1_152' title='bbox 66 1844 174 1910; x_wconf 71' lang='lat' dir='ltr'><strong>illicis</strong></span> <span class='ocrx_word' id='word_1_153' title='bbox 191 1852 221 1904; x_wconf 91' lang='lat' dir='ltr'><strong>et</strong></span> <span class='ocrx_word' id='word_1_154' title='bbox 230 1844 393 1905; x_wconf 92' lang='lat' dir='ltr'><strong>mercedem</strong></span> <span class='ocrx_word' id='word_1_155' title='bbox 408 1845 437 1903; x_wconf 93' lang='lat' dir='ltr'><strong>in</strong></span> <span class='ocrx_word' id='word_1_156' title='bbox 449 1843 531 1902; x_wconf 86' lang='lat' dir='ltr'><strong>voltu</strong></span> <span class='ocrx_word' id='word_1_157' title='bbox 545 1842 718 1901; x_wconf 88' lang='lat' dir='ltr'><strong>meretricis.</strong></span> <span class='ocrx_word' id='word_1_158' title='bbox 748 1839 811 1917; x_wconf 82' lang='lat'><strong>[11]</strong></span> <span class='ocrx_word' id='word_1_159' title='bbox 825 1838 914 1898; x_wconf 91' lang='lat' dir='ltr'><strong>habet</strong></span> <span class='ocrx_word' id='word_1_160' title='bbox 926 1839 1106 1897; x_wconf 91' lang='lat' dir='ltr'><strong>simulacrum</strong></span> 
     </span>
     <span class='ocr_line' id='line_1_21' title="bbox 94 1920 1142 2003; baseline -0.007 -16"><span class='ocrx_word' id='word_1_161' title='bbox 94 1937 140 1988; x_wconf 89' lang='lat' dir='ltr'><strong>et</strong></span> <span class='ocrx_word' id='word_1_162' title='bbox 155 1928 320 2003; x_wconf 88' lang='lat' dir='ltr'><strong>benignitas</strong></span> <span class='ocrx_word' id='word_1_163' title='bbox 338 1929 418 2003; x_wconf 91' lang='lat' dir='ltr'><strong>eius,</strong></span> <span class='ocrx_word' id='word_1_164' title='bbox 442 1923 594 1984; x_wconf 79' lang='lat' dir='ltr'><strong>Calamidis</strong></span> <span class='ocrx_word' id='word_1_165' title='bbox 611 1924 687 1982; x_wconf 92' lang='lat' dir='ltr'><strong>enim</strong></span> <span class='ocrx_word' id='word_1_166' title='bbox 702 1920 859 1998; x_wconf 84' lang='lat' dir='ltr'><strong>quadrigae</strong></span> <span class='ocrx_word' id='word_1_167' title='bbox 881 1922 1008 1996; x_wconf 89' lang='lat' dir='ltr'><strong>aurigam</strong></span> <span class='ocrx_word' id='word_1_168' title='bbox 1024 1939 1142 1980; x_wconf 81' lang='lat' dir='ltr'><strong>suurnao</strong></span> 
     </span>
     <span class='ocr_line' id='line_1_22' title="bbox 108 2002 1106 2088; baseline -0.007 -18"><span class='ocrx_word' id='word_1_169' title='bbox 108 2012 253 2088; x_wconf 90' lang='lat' dir='ltr'><strong>inposuit,</strong></span> <span class='ocrx_word' id='word_1_170' title='bbox 276 2027 313 2067; x_wconf 92' lang='lat' dir='ltr'><strong>ne</strong></span> <span class='ocrx_word' id='word_1_171' title='bbox 329 2007 434 2066; x_wconf 90' lang='lat' dir='ltr'><strong>melior</strong></span> <span class='ocrx_word' id='word_1_172' title='bbox 450 2007 479 2064; x_wconf 94' lang='lat' dir='ltr'><strong>in</strong></span> <span class='ocrx_word' id='word_1_173' title='bbox 497 2023 636 2082; x_wconf 89' lang='lat' dir='ltr'><strong>equorum</strong></span> <span class='ocrx_word' id='word_1_174' title='bbox 651 2004 750 2082; x_wconf 81' lang='lat' dir='ltr'><strong>effigie</strong></span> <span class='ocrx_word' id='word_1_175' title='bbox 772 2002 919 2063; x_wconf 88' lang='lat' dir='ltr'><strong>deiecisse</strong></span> <span class='ocrx_word' id='word_1_176' title='bbox 942 2005 971 2061; x_wconf 94' lang='lat' dir='ltr'><strong>in</strong></span> <span class='ocrx_word' id='word_1_177' title='bbox 988 2002 1106 2063; x_wconf 83' lang='lat' dir='ltr'><strong>homtne</strong></span> 
     </span>
     <span class='ocr_line' id='line_1_23' title="bbox 108 2086 1107 2165; baseline -0.005 -14"><span class='ocrx_word' id='word_1_178' title='bbox 108 2092 287 2152; x_wconf 86' lang='lat' dir='ltr'><strong>crederetur.</strong></span> <span class='ocrx_word' id='word_1_179' title='bbox 324 2086 528 2165; x_wconf 84' lang='lat' dir='ltr'><strong>ipseGalamis</strong></span> <span class='ocrx_word' id='word_1_180' title='bbox 555 2095 586 2147; x_wconf 91' lang='lat' dir='ltr'><strong>et</strong></span> <span class='ocrx_word' id='word_1_181' title='bbox 607 2087 677 2147; x_wconf 93' lang='lat' dir='ltr'><strong>alias</strong></span> <span class='ocrx_word' id='word_1_182' title='bbox 702 2086 855 2164; x_wconf 89' lang='lat' dir='ltr'><strong>quadrigas</strong></span> <span class='ocrx_word' id='word_1_183' title='bbox 872 2087 1015 2164; x_wconf 85' lang='lat' dir='ltr'><strong>bigasque</strong></span> <span class='ocrx_word' id='word_1_184' title='bbox 1033 2087 1107 2146; x_wconf 88' lang='lat' dir='ltr'><strong>iecit</strong></span> 
     </span>
     <span class='ocr_line' id='line_1_24' title="bbox 93 2170 1105 2251; baseline -0.003 -19"><span class='ocrx_word' id='word_1_185' title='bbox 93 2175 192 2251; x_wconf 16' lang='lat' dir='ltr'><strong>*equis</strong></span> <span class='ocrx_word' id='word_1_186' title='bbox 215 2189 331 2249; x_wconf 92' lang='lat' dir='ltr'><strong>semper</strong></span> <span class='ocrx_word' id='word_1_187' title='bbox 351 2173 414 2232; x_wconf 90' lang='lat' dir='ltr'><strong>sine</strong></span> <span class='ocrx_word' id='word_1_188' title='bbox 438 2170 552 2231; x_wconf 90' lang='lat' dir='ltr'><strong>aemulo</strong></span> <span class='ocrx_word' id='word_1_189' title='bbox 573 2173 735 2250; x_wconf 86' lang='lat' dir='ltr'><strong>expressis.</strong></span> <span class='ocrx_word' id='word_1_190' title='bbox 771 2170 841 2248; x_wconf 94' lang='lat' dir='ltr'><strong>sed,</strong></span> <span class='ocrx_word' id='word_1_191' title='bbox 863 2188 900 2231; x_wconf 94' lang='lat' dir='ltr'><strong>ne</strong></span> <span class='ocrx_word' id='word_1_192' title='bbox 923 2171 1056 2230; x_wconf 89' lang='lat' dir='ltr'><strong>videatur</strong></span> <span class='ocrx_word' id='word_1_193' title='bbox 1077 2172 1105 2229; x_wconf 90' lang='lat' dir='ltr'><strong>in</strong></span> 
     </span>
     <span class='ocr_line' id='line_1_25' title="bbox 108 2254 1103 2333; baseline -0.001 -19"><span class='ocrx_word' id='word_1_194' title='bbox 108 2255 252 2315; x_wconf 93' lang='lat' dir='ltr'><strong>hominum</strong></span> <span class='ocrx_word' id='word_1_195' title='bbox 279 2255 380 2333; x_wconf 82' lang='lat' dir='ltr'><strong>effigie</strong></span> <span class='ocrx_word' id='word_1_196' title='bbox 408 2254 550 2333; x_wconf 82' lang='lat' dir='ltr'><strong>inferior,</strong></span> <span class='ocrx_word' id='word_1_197' title='bbox 576 2254 734 2316; x_wconf 89' lang='lat' dir='ltr'><strong>Alcumena</strong></span> <span class='ocrx_word' id='word_1_198' title='bbox 756 2254 861 2315; x_wconf 92' lang='lat' dir='ltr'><strong>nullius</strong></span> <span class='ocrx_word' id='word_1_199' title='bbox 890 2262 936 2314; x_wconf 88' lang='lat' dir='ltr'><strong>est</strong></span> <span class='ocrx_word' id='word_1_200' title='bbox 967 2254 1103 2314; x_wconf 68' lang='lat' dir='ltr'><strong>nobilior}</strong></span> 
     </span>
     <span class='ocr_line' id='line_1_26' title="bbox 65 2338 1139 2420; baseline -0.004 -16"><span class='ocrx_word' id='word_1_201' title='bbox 65 2340 179 2420; x_wconf 73' lang='lat'><strong>721121</strong></span> <span class='ocrx_word' id='word_1_202' title='bbox 207 2339 380 2401; x_wconf 90' lang='lat' dir='ltr'><strong>Alcamenes</strong></span> <span class='ocrx_word' id='word_1_203' title='bbox 407 2339 526 2399; x_wconf 90' lang='lat' dir='ltr'><strong>Phidiae</strong></span> <span class='ocrx_word' id='word_1_204' title='bbox 552 2339 710 2419; x_wconf 90' lang='lat' dir='ltr'><strong>discipulus</strong></span> <span class='ocrx_word' id='word_1_205' title='bbox 736 2346 766 2399; x_wconf 89' lang='lat' dir='ltr'><strong>et</strong></span> <span class='ocrx_word' id='word_1_206' title='bbox 792 2354 954 2399; x_wconf 88' lang='lat' dir='ltr'><strong>marmorea</strong></span> <span class='ocrx_word' id='word_1_207' title='bbox 978 2338 1049 2398; x_wconf 86' lang='lat' dir='ltr'><strong>iecit</strong></span> <span class='ocrx_word' id='word_1_208' title='bbox 1075 2344 1139 2400; x_wconf 76' lang='lat' dir='ltr'><strong>etas</strong></span> 
     </span>
     <span class='ocr_line' id='line_1_27' title="bbox 109 2419 1104 2504; baseline -0.008 -19"><span class='ocrx_word' id='word_1_209' title='bbox 109 2443 226 2487; x_wconf 90' lang='lat' dir='ltr'><strong>aereum</strong></span> <span class='ocrx_word' id='word_1_210' title='bbox 244 2423 421 2504; x_wconf 89' lang='lat' dir='ltr'><strong>pentathlum</strong></span> <span class='ocrx_word' id='word_1_211' title='bbox 439 2425 486 2501; x_wconf 91' lang='lat' dir='ltr'><strong>qui</strong></span> <span class='ocrx_word' id='word_1_212' title='bbox 512 2433 632 2484; x_wconf 88' lang='lat' dir='ltr'><strong>vocatur</strong></span> <span class='ocrx_word' id='word_1_213' title='bbox 654 2425 892 2498; x_wconf 93' lang='lat' dir='ltr'><strong>encrinomenos,</strong></span> <span class='ocrx_word' id='word_1_214' title='bbox 920 2428 948 2481; x_wconf 88' lang='lat' dir='ltr'><strong>at</strong></span> <span class='ocrx_word' id='word_1_215' title='bbox 969 2419 1104 2496; x_wconf 89' lang='lat' dir='ltr'><strong>Polycliti</strong></span> 
     </span>
     <span class='ocr_line' id='line_1_28' title="bbox 109 2501 1104 2588; baseline -0.009 -17"><span class='ocrx_word' id='word_1_216' title='bbox 109 2510 265 2588; x_wconf 89' lang='lat' dir='ltr'><strong>discipulus</strong></span> <span class='ocrx_word' id='word_1_217' title='bbox 278 2508 424 2570; x_wconf 91' lang='lat' dir='ltr'><strong>Aristides</strong></span> <span class='ocrx_word' id='word_1_218' title='bbox 441 2508 594 2585; x_wconf 90' lang='lat' dir='ltr'><strong>quadrigas</strong></span> <span class='ocrx_word' id='word_1_219' title='bbox 607 2507 758 2584; x_wconf 83' lang='lat' dir='ltr'><strong>bigasque.</strong></span> <span class='ocrx_word' id='word_1_220' title='bbox 784 2504 978 2584; x_wconf 90' lang='lat' dir='ltr'><strong>Amphicratis</strong></span> <span class='ocrx_word' id='word_1_221' title='bbox 989 2501 1104 2562; x_wconf 83' lang='lat' dir='ltr'><strong>Leaena</strong></span> 
     </span>
     <span class='ocr_line' id='line_1_29' title="bbox 108 2586 1104 2668; baseline -0.008 -15"><span class='ocrx_word' id='word_1_222' title='bbox 108 2594 239 2654; x_wconf 89' lang='lat' dir='ltr'><strong>laudatur</strong></span> <span class='ocrx_word' id='word_1_223' title='bbox 259 2602 393 2654; x_wconf 89' lang='lat' dir='ltr'><strong>scortum.</strong></span> <span class='ocrx_word' id='word_1_224' title='bbox 425 2592 499 2652; x_wconf 90' lang='lat' dir='ltr'><strong>haec</strong></span> <span class='ocrx_word' id='word_1_225' title='bbox 514 2591 596 2668; x_wconf 88' lang='lat' dir='ltr'><strong>lyrae</strong></span> <span class='ocrx_word' id='word_1_226' title='bbox 616 2597 699 2649; x_wconf 90' lang='lat' dir='ltr'><strong>cantu</strong></span> <span class='ocrx_word' id='word_1_227' title='bbox 720 2588 867 2647; x_wconf 90' lang='lat' dir='ltr'><strong>familiaris</strong></span> <span class='ocrx_word' id='word_1_228' title='bbox 898 2586 1052 2648; x_wconf 86' lang='lat' dir='ltr'><strong>Harmodio</strong></span> <span class='ocrx_word' id='word_1_229' title='bbox 1074 2594 1104 2646; x_wconf 89' lang='lat' dir='ltr'><strong>et</strong></span> 
     </span>
     <span class='ocr_line' id='line_1_30' title="bbox 62 2671 1104 2754; baseline -0.009 -16"><span class='ocrx_word' id='word_1_230' title='bbox 62 2695 66 2703; x_wconf 89' lang='lat'><strong>·</strong></span> <span class='ocrx_word' id='word_1_231' title='bbox 109 2677 305 2754; x_wconf 90' lang='lat' dir='ltr'><strong>Aristogitoni</strong></span> <span class='ocrx_word' id='word_1_232' title='bbox 320 2675 442 2736; x_wconf 87' lang='lat' dir='ltr'><strong>consilia</strong></span> <span class='ocrx_word' id='word_1_233' title='bbox 458 2691 559 2734; x_wconf 90' lang='lat' dir='ltr'><strong>eorum</strong></span> <span class='ocrx_word' id='word_1_234' title='bbox 573 2673 610 2732; x_wconf 88' lang='lat' dir='ltr'><strong>de</strong></span> <span class='ocrx_word' id='word_1_235' title='bbox 621 2671 811 2747; x_wconf 90' lang='lat' dir='ltr'><strong>tyrannicidio</strong></span> <span class='ocrx_word' id='word_1_236' title='bbox 829 2689 920 2750; x_wconf 89' lang='lat' dir='ltr'><strong>usque</strong></span> <span class='ocrx_word' id='word_1_237' title='bbox 936 2673 966 2731; x_wconf 91' lang='lat' dir='ltr'><strong>in</strong></span> <span class='ocrx_word' id='word_1_238' title='bbox 982 2679 1104 2732; x_wconf 92' lang='lat' dir='ltr'><strong>mortem</strong></span> 
     </span>
     <span class='ocr_line' id='line_1_31' title="bbox 110 2752 1139 2835; baseline -0.005 -16"><span class='ocrx_word' id='word_1_239' title='bbox 110 2762 276 2820; x_wconf 90' lang='lat' dir='ltr'><strong>excruciata</strong></span> <span class='ocrx_word' id='word_1_240' title='bbox 288 2777 304 2818; x_wconf 95' lang='lat' dir='ltr'><strong>a</strong></span> <span class='ocrx_word' id='word_1_241' title='bbox 316 2760 444 2835; x_wconf 88' lang='lat' dir='ltr'><strong>tyrannis</strong></span> <span class='ocrx_word' id='word_1_242' title='bbox 463 2775 521 2817; x_wconf 91' lang='lat' dir='ltr'><strong>non</strong></span> <span class='ocrx_word' id='word_1_243' title='bbox 537 2754 676 2833; x_wconf 90' lang='lat' dir='ltr'><strong>prodidit,</strong></span> <span class='ocrx_word' id='word_1_244' title='bbox 695 2756 880 2832; x_wconf 92' lang='lat' dir='ltr'><strong>quamobrem</strong></span> <span class='ocrx_word' id='word_1_245' title='bbox 895 2752 1139 2830; x_wconf 87' lang='lat' dir='ltr'><strong>Athenienses,eo</strong></span> 
     </span>
     <span class='ocr_line' id='line_1_32' title="bbox 110 2836 1105 2914; baseline -0.005 -12"><span class='ocrx_word' id='word_1_246' title='bbox 110 2850 140 2902; x_wconf 89' lang='lat' dir='ltr'><strong>et</strong></span> <span class='ocrx_word' id='word_1_247' title='bbox 151 2842 292 2901; x_wconf 89' lang='lat' dir='ltr'><strong>honorem</strong></span> <span class='ocrx_word' id='word_1_248' title='bbox 304 2840 414 2901; x_wconf 93' lang='lat' dir='ltr'><strong>habere</strong></span> <span class='ocrx_word' id='word_1_249' title='bbox 427 2841 454 2900; x_wconf 93' lang='lat' dir='ltr'><strong>ei</strong></span> <span class='ocrx_word' id='word_1_250' title='bbox 467 2838 602 2899; x_wconf 86' lang='lat' dir='ltr'><strong>volentes</strong></span> <span class='ocrx_word' id='word_1_251' title='bbox 615 2856 670 2898; x_wconf 90' lang='lat' dir='ltr'><strong>neo</strong></span> <span class='ocrx_word' id='word_1_252' title='bbox 680 2844 775 2898; x_wconf 90' lang='lat' dir='ltr'><strong>tamen</strong></span> <span class='ocrx_word' id='word_1_253' title='bbox 787 2846 913 2898; x_wconf 91' lang='lat' dir='ltr'><strong>scortum</strong></span> <span class='ocrx_word' id='word_1_254' title='bbox 924 2836 1105 2914; x_wconf 89' lang='lat' dir='ltr'><strong>celebrasse,</strong></span> 
     </span>
     <span class='ocr_line' id='line_1_33' title="bbox 109 2920 1103 2998; baseline -0.004 -14"><span class='ocrx_word' id='word_1_255' title='bbox 109 2924 211 2985; x_wconf 92' lang='lat' dir='ltr'><strong>animal</strong></span> <span class='ocrx_word' id='word_1_256' title='bbox 234 2925 356 2983; x_wconf 89' lang='lat' dir='ltr'><strong>nominis</strong></span> <span class='ocrx_word' id='word_1_257' title='bbox 378 2925 440 2984; x_wconf 91' lang='lat' dir='ltr'><strong>eius</strong></span> <span class='ocrx_word' id='word_1_258' title='bbox 466 2922 567 2982; x_wconf 89' lang='lat' dir='ltr'><strong>iecere</strong></span> <span class='ocrx_word' id='word_1_259' title='bbox 589 2929 694 2998; x_wconf 91' lang='lat' dir='ltr'><strong>atque,</strong></span> <span class='ocrx_word' id='word_1_260' title='bbox 720 2929 751 2980; x_wconf 88' lang='lat' dir='ltr'><strong>ut</strong></span> <span class='ocrx_word' id='word_1_261' title='bbox 772 2920 996 2998; x_wconf 88' lang='lat' dir='ltr'><strong>intellegeretur</strong></span> <span class='ocrx_word' id='word_1_262' title='bbox 1017 2939 1103 2982; x_wconf 90' lang='lat' dir='ltr'><strong>causa</strong></span> 
     </span>
     <span class='ocr_line' id='line_1_34' title="bbox 67 3004 1104 3085; baseline -0.004 -16"><span class='ocrx_word' id='word_1_263' title='bbox 67 3019 102 3075; x_wconf 83' lang='lat'><strong>73</strong></span> <span class='ocrx_word' id='word_1_264' title='bbox 112 3009 250 3085; x_wconf 91' lang='lat' dir='ltr'><strong>honoris,</strong></span> <span class='ocrx_word' id='word_1_265' title='bbox 272 3007 302 3067; x_wconf 90' lang='lat' dir='ltr'><strong>in</strong></span> <span class='ocrx_word' id='word_1_266' title='bbox 320 3024 412 3085; x_wconf 91' lang='lat' dir='ltr'><strong>opere</strong></span> <span class='ocrx_word' id='word_1_267' title='bbox 427 3005 552 3083; x_wconf 90' lang='lat' dir='ltr'><strong>linguam</strong></span> <span class='ocrx_word' id='word_1_268' title='bbox 575 3004 639 3065; x_wconf 90' lang='lat' dir='ltr'><strong>addi</strong></span> <span class='ocrx_word' id='word_1_269' title='bbox 654 3004 690 3065; x_wconf 94' lang='lat' dir='ltr'><strong>ab</strong></span> <span class='ocrx_word' id='word_1_270' title='bbox 710 3005 821 3065; x_wconf 89' lang='lat' dir='ltr'><strong>artifice</strong></span> <span class='ocrx_word' id='word_1_271' title='bbox 839 3011 1003 3064; x_wconf 84' lang='lat' dir='ltr'><strong>vetuerunt.</strong></span> <span class='ocrx_word' id='word_1_272' title='bbox 1040 3004 1104 3084; x_wconf 78' lang='lat'>[13]</span> 
     </span>
     <span class='ocr_line' id='line_1_35' title="bbox 110 3086 1104 3171; baseline -0.006 -18"><span class='ocrx_word' id='word_1_273' title='bbox 110 3093 231 3171; x_wconf 89' lang='lat' dir='ltr'><strong>Bryaxis</strong></span> <span class='ocrx_word' id='word_1_274' title='bbox 250 3089 456 3169; x_wconf 89' lang='lat' dir='ltr'><strong>Aesculapium</strong></span> <span class='ocrx_word' id='word_1_275' title='bbox 474 3098 504 3150; x_wconf 93' lang='lat' dir='ltr'><strong>et</strong></span> <span class='ocrx_word' id='word_1_276' title='bbox 520 3087 673 3149; x_wconf 88' lang='lat' dir='ltr'><strong>Seleucum</strong></span> <span class='ocrx_word' id='word_1_277' title='bbox 688 3089 776 3165; x_wconf 87' lang='lat' dir='ltr'><strong>iecit,</strong></span> <span class='ocrx_word' id='word_1_278' title='bbox 789 3087 902 3148; x_wconf 91' lang='lat' dir='ltr'><strong>Boedas</strong></span> <span class='ocrx_word' id='word_1_279' title='bbox 926 3086 1104 3163; x_wconf 88' lang='lat' dir='ltr'><strong>adorantem,</strong></span> 
     </span>
     <span class='ocr_line' id='line_1_36' title="bbox 109 3168 1139 3256; baseline -0.014 -18"><span class='ocrx_word' id='word_1_280' title='bbox 109 3178 201 3238; x_wconf 79' lang='lat' dir='ltr'><strong>baton</strong></span> <span class='ocrx_word' id='word_1_281' title='bbox 216 3176 383 3256; x_wconf 90' lang='lat' dir='ltr'><strong>Apollinem</strong></span> <span class='ocrx_word' id='word_1_282' title='bbox 406 3184 436 3235; x_wconf 89' lang='lat' dir='ltr'><strong>et</strong></span> <span class='ocrx_word' id='word_1_283' title='bbox 450 3173 588 3234; x_wconf 88' lang='lat' dir='ltr'><strong>lunonem</strong></span> <span class='ocrx_word' id='word_1_284' title='bbox 603 3174 651 3251; x_wconf 92' lang='lat' dir='ltr'><strong>qui</strong></span> <span class='ocrx_word' id='word_1_285' title='bbox 668 3181 734 3233; x_wconf 88' lang='lat' dir='ltr'><strong>sunt</strong></span> <span class='ocrx_word' id='word_1_286' title='bbox 746 3171 856 3232; x_wconf 88' lang='lat' dir='ltr'><strong>Romae</strong></span> <span class='ocrx_word' id='word_1_287' title='bbox 877 3173 907 3231; x_wconf 90' lang='lat' dir='ltr'><strong>in</strong></span> <span class='ocrx_word' id='word_1_288' title='bbox 924 3168 1139 3233; x_wconf 80' lang='lat' dir='ltr'><strong>Concordiaeeo</strong></span> 
     </span>
     <span class='ocr_line' id='line_1_37' title="bbox 66 3254 1106 3341; baseline -0.016 -12"><span class='ocrx_word' id='word_1_289' title='bbox 66 3272 101 3329; x_wconf 79' lang='lat' dir='ltr'><strong>m</strong></span> <span class='ocrx_word' id='word_1_290' title='bbox 113 3261 230 3341; x_wconf 88' lang='lat' dir='ltr'><strong>templo.</strong></span> <span class='ocrx_word' id='word_1_291' title='bbox 260 3261 325 3340; x_wconf 81' lang='grc'><strong>[14]</strong></span> <span class='ocrx_word' id='word_1_292' title='bbox 342 3257 469 3320; x_wconf 79' lang='lat' dir='ltr'><strong>cresilas</strong></span> <span class='ocrx_word' id='word_1_293' title='bbox 487 3258 668 3317; x_wconf 84' lang='lat' dir='ltr'><strong>volneratum</strong></span> <span class='ocrx_word' id='word_1_294' title='bbox 683 3256 866 3318; x_wconf 87' lang='lat' dir='ltr'><strong>deiicientem</strong></span> <span class='ocrx_word' id='word_1_295' title='bbox 883 3256 913 3315; x_wconf 91' lang='lat' dir='ltr'><strong>in</strong></span> <span class='ocrx_word' id='word_1_296' title='bbox 932 3273 990 3334; x_wconf 91' lang='lat' dir='ltr'><strong>qno</strong></span> <span class='ocrx_word' id='word_1_297' title='bbox 1013 3254 1106 3334; x_wconf 90' lang='lat' dir='ltr'><strong>possit</strong></span> 
     </span>
     <span class='ocr_line' id='line_1_38' title="bbox 109 3336 1107 3426; baseline -0.011 -20"><span class='ocrx_word' id='word_1_298' title='bbox 109 3346 242 3425; x_wconf 89' lang='lat' dir='ltr'><strong>intellegi</strong></span> <span class='ocrx_word' id='word_1_299' title='bbox 265 3353 399 3426; x_wconf 89' lang='lat' dir='ltr'><strong>quantum</strong></span> <span class='ocrx_word' id='word_1_300' title='bbox 422 3351 516 3404; x_wconf 89' lang='lat' dir='ltr'><strong>restet</strong></span> <span class='ocrx_word' id='word_1_301' title='bbox 541 3342 651 3401; x_wconf 90' lang='lat' dir='ltr'><strong>animae</strong></span> <span class='ocrx_word' id='word_1_302' title='bbox 676 3349 706 3403; x_wconf 88' lang='lat' dir='ltr'><strong>et</strong></span> <span class='ocrx_word' id='word_1_303' title='bbox 728 3339 889 3418; x_wconf 89' lang='lat' dir='ltr'><strong>Olympium</strong></span> <span class='ocrx_word' id='word_1_304' title='bbox 909 3337 1044 3400; x_wconf 90' lang='lat' dir='ltr'><strong>Periclen</strong></span> <span class='ocrx_word' id='word_1_305' title='bbox 1065 3336 1107 3396; x_wconf 93' lang='lat' dir='ltr'><strong>di-</strong></span> 
     </span>
     <span class='ocr_line' id='line_1_39' title="bbox 109 3422 1107 3508; baseline -0.009 -18"><span class='ocrx_word' id='word_1_306' title='bbox 109 3448 195 3506; x_wconf 84' lang='lat' dir='ltr'><strong>gnum</strong></span> <span class='ocrx_word' id='word_1_307' title='bbox 207 3431 393 3508; x_wconf 87' lang='lat' dir='ltr'><strong>cognomine,</strong></span> <span class='ocrx_word' id='word_1_308' title='bbox 407 3429 567 3504; x_wconf 90' lang='lat' dir='ltr'><strong>mirumque</strong></span> <span class='ocrx_word' id='word_1_309' title='bbox 579 3426 608 3484; x_wconf 92' lang='lat' dir='ltr'><strong>in</strong></span> <span class='ocrx_word' id='word_1_310' title='bbox 618 3425 671 3485; x_wconf 90' lang='lat' dir='ltr'><strong>hac</strong></span> <span class='ocrx_word' id='word_1_311' title='bbox 684 3433 747 3485; x_wconf 89' lang='lat' dir='ltr'><strong>arte</strong></span> <span class='ocrx_word' id='word_1_312' title='bbox 759 3431 806 3485; x_wconf 89' lang='lat' dir='ltr'><strong>est</strong></span> <span class='ocrx_word' id='word_1_313' title='bbox 818 3422 895 3501; x_wconf 91' lang='lat' dir='ltr'><strong>quod</strong></span> <span class='ocrx_word' id='word_1_314' title='bbox 908 3423 1014 3485; x_wconf 85' lang='lat' dir='ltr'><strong>nobilis</strong></span> <span class='ocrx_word' id='word_1_315' title='bbox 1025 3423 1107 3483; x_wconf 85' lang='lat' dir='ltr'><strong>viros</strong></span> 
     </span>
    </p>
   </div>
   <div class='ocr_carea' id='block_1_4' title="bbox 0 0 1199 3840">
    <p class='ocr_par' dir='ltr' id='par_1_4' title="bbox 0 0 1199 3840">
     <span class='ocr_line' id='line_1_40' title="bbox 0 0 1199 3840; baseline 0 0"><span class='ocrx_word' id='word_1_316' title='bbox 0 0 1199 3840; x_wconf 95' lang='lat' dir='ltr'><strong> </strong></span> 
     </span>
    </p>
   </div>
  </div>
 </body>
</html>
