2378 3840
321 196 400 246 aar.
422 196 512 258 msa.
536 197 645 246 xxxv.
667 185 865 264 c.(19-aa.)
1055 186 1095 246 75

87 352 132 412 nis
148 370 164 410 ε
180 351 308 413 vinaceis
323 353 424 413 iecere
440 353 577 432 tryginon
589 351 781 431 appellantes.
815 351 940 432 Apelles
953 368 1097 414 commea·

87 441 134 494 tus
147 441 192 496 εει
205 453 244 494 ex
256 434 348 496 ebore
366 435 519 496 combusto
530 437 629 497 iacere
645 434 722 514 quod
739 434 954 514 elephantinum
965 444 1095 498 vocatur.

87 517 269 596 Adportatur
282 527 312 580 ct
326 518 453 580 Indicum
468 538 506 582 ex
522 519 603 580 ludia
621 519 824 599 inexploratae
842 520 934 580 adbuc
950 519 1140 586 inventio-43

89 602 135 661 nis
156 601 230 662 mibi.
265 603 297 662 iit
315 605 401 663 etiam
417 604 492 682 apud
506 604 666 664 infectores
685 621 723 665 cx
739 603 813 664 dore
830 606 915 682 nigro
929 603 977 682 qui
993 602 1097 663 adhae-

67 687 178 746 ⁵rescit
190 688 287 747 acreis
304 688 434 747 cortinis.
465 688 496 747 iit
512 697 542 749 et
554 687 635 765 liguo
651 705 667 748 e
681 686 774 748 taedis
788 688 942 748 combusto
959 688 1095 764 tritisque

86 771 116 829 in
133 773 273 831 mortario
296 771 480 831 carbonibus.
513 772 584 831 mira
603 773 633 830 iu
652 770 709 831 boc
724 771 887 850 saepiarum
902 780 1019 849 natura,
1043 770 1096 830 sed

87 873 126 914 ex
142 854 187 914 bis
203 870 262 915 noa
279 854 320 913 iit.
351 872 436 915 omae
457 864 553 915 autem
576 863 765 915 atramentum
786 854 851 916 sole
869 857 1039 936 periicitur,
1061 854 1095 915 li-

88 938 214 998 brarium
229 955 358 1014 cummc,
381 941 535 999 tectorium
549 938 663 1017 glutino
679 938 816 1000 admixto.
856 940 934 1018 quod
956 947 1041 1000 aceto
1063 938 1095 997 li·

89 1020 253 1098 queiactum
271 1030 318 1081 est
334 1039 424 1098 aegre
442 1022 557 1083 eluitur.

54 1107 80 1148 ¹⁰
153 1103 235 1182 (26.)
258 1103 283 1163 Ε
305 1104 429 1184 reliquis
449 1104 599 1166 coloribus
621 1123 695 1185 quos
716 1125 732 1166 a
749 1105 872 1166 dominis
892 1105 954 1166 dari
970 1105 1138 1168 diximus44

89 1197 213 1267 propter
238 1188 463 1267 magnitudinem
488 1192 564 1268 preti
588 1199 655 1251 ante
684 1192 776 1251 omnis
805 1199 852 1251 εει
881 1191 1090 1268 purpurissum.
1103 1187 1126 1222 ⁸⁰

88 1281 168 1332 creta
183 1274 349 1350 argentaria
363 1292 427 1335 cum
440 1275 577 1354 purpuris
590 1275 701 1354 pariter
715 1275 867 1353 tinguitur,
878 1273 1013 1352 bibitque
1030 1291 1094 1334 eum

88 1356 219 1416 colorem
244 1358 372 1418 celerius
398 1358 481 1419 lanis.
527 1357 718 1438 Praecipuum
743 1368 790 1420 est
812 1360 933 1438 primum
958 1358 1093 1418 fervente

88 1440 183 1500 aheno
206 1441 325 1501 rudibus
350 1440 567 1502 medicamentis
586 1443 775 1520 inebriatum,
795 1459 966 1522 proxumum
986 1449 1093 1516 egesto

54 1527 80 1568 1⁵
90 1542 127 1586 eo
144 1522 238 1583 addita
256 1534 337 1585 creta
353 1527 383 1583 in
398 1526 444 1583 ius
459 1525 544 1585 idem.
572 1533 603 1585 ει
618 1528 754 1603 quotiens
768 1524 798 1585 id
813 1527 918 1586 iactum
935 1532 982 1583 est
998 1523 1095 1583 eleva·

90 1617 136 1666 tur
151 1606 266 1666 bouitas
284 1625 338 1685 pro
360 1625 480 1668 numero
498 1609 635 1673 dilutiore
658 1611 748 1670 sanie.
792 1625 883 1688 quare
902 1606 1138 1672 Puteolanumlb

89 1692 187 1770 potius
203 1689 337 1750 laudetur
353 1709 436 1770 quam
451 1691 568 1769 Tyrium
584 1701 632 1753 aut
648 1690 828 1753 Gaetulicum
844 1691 893 1752 vel
910 1690 1093 1768 Laconicum,

88 1774 164 1835 unde
186 1776 417 1853 pretiosissimae
438 1794 601 1855 purpurae,
620 1794 707 1836 causa
729 1785 775 1836 εει
797 1774 875 1855 quod
894 1774 1020 1852 hysgino
1039 1793 1095 1834 ma·

89 1877 174 1919 nume
202 1859 327 1920 inlicitur
347 1859 488 1940 rubiaque
511 1878 585 1939 quae
608 1862 724 1938 cogitur
744 1860 878 1921 sorbere.
924 1859 1094 1920 vilissimum

52 1947 105 2003 2⁰a
122 1941 257 2004 Canusio.
293 1946 419 2024 pretium
440 1963 456 2004 a
477 1945 600 2023 singulis
616 1945 742 2006 denariis
758 1947 787 2005 in
803 1943 893 2005 libras
915 1942 950 2003 ad
965 1943 1092 2021 triginta.

88 2028 245 2106 pingentes
262 2029 389 2106 sandyce
403 2029 521 2107 sublim,
538 2047 607 2090 mox
622 2048 679 2091 ovo
695 2029 868 2091 inducentes
880 2029 1091 2107 purpurissum,

88 2111 233 2187 fulgorem
245 2115 313 2172 mini
324 2114 443 2174 iaciunt.
473 2115 497 2173 si
510 2132 665 2193 purpuram
677 2115 776 2193 iacere
788 2113 913 2190 malunt,
927 2113 1092 2173 caeruleum

89 2193 254 2270 sublinunt,
276 2213 345 2256 mox
359 2198 559 2274 purpurissum
576 2215 614 2256 ex
629 2215 686 2258 ovo
704 2198 851 2259 inducunt.

153 2276 235 2357 (27.)
257 2277 304 2337 Ab
320 2277 377 2337 hoc
392 2296 520 2338 maxuma
536 2283 694 2341 auctoritas
710 2281 820 2342 Indico.
857 2299 896 2342 cx
913 2280 993 2341 ludia
1010 2282 1091 2342 venit
1101 2289 1137 2347 46

55 2361 276 2421 ²⁵barundiuum
298 2379 416 2440 spumae
436 2360 665 2423 adhaerescente
683 2363 760 2424 limo.
794 2382 859 2425 cum
874 2373 1029 2440 cernatur,
1052 2367 1093 2423 ni·

89 2465 189 2524 grum,
208 2455 236 2506 at
258 2448 288 2506 in
307 2444 444 2506 diluendo
458 2445 609 2505 mixturam
629 2464 775 2524 purpurae
791 2445 960 2523 caerulique
977 2448 1092 2506 mirabi-

90 2531 146 2591 lem
163 2530 268 2591 reddit.
314 2529 448 2591 dlterum
464 2547 557 2607 genus
573 2530 636 2589 eius
654 2538 700 2589 est
719 2531 748 2589 in
768 2531 949 2608 purpurariis
967 2529 1092 2590 officinis

89 2615 220 2674 innatans
238 2616 376 2692 cortinis,
392 2623 423 2674 ει
435 2622 481 2674 εει
492 2630 639 2692 purpurae
654 2630 761 2692 spuma.
781 2615 829 2692 qui
843 2612 1006 2672 adulterant
1018 2630 1092 2672 vero

91 2695 192 2757 indico
207 2699 320 2777 tingunt
336 2706 469 2759 stercora
484 2697 658 2774 columbina,
676 2706 725 2758 aut
740 2696 1030 2758 cretamSelinusiam
1044 2696 1093 2756 vel

56 2779 246 2840 manulariam
269 2782 346 2841 vitro
370 2781 510 2841 inficiunt.
555 2780 696 2860 probatur
723 2782 870 2857 carbone,
899 2779 994 2841 reddit
1017 2783 1092 2840 enim

92 2863 169 2940 quod
193 2866 336 2924 sincerum
355 2873 401 2924 est
427 2864 565 2924 dammam
583 2865 757 2927 excellentis
779 2883 926 2944 purpurae
953 2873 1001 2942 et,
1028 2864 1094 2925 dum

91 2946 198 3025 fumat,
224 2947 344 3008 odorem
367 2949 465 3007 maris.
506 2948 543 3008 ob
566 2948 595 3008 id
616 2949 729 3026 quidam
748 2968 765 3008 e
787 2949 917 3029 scopulis
937 2948 966 3008 id
983 2949 1092 3026 conligi

91 3038 200 3108 putant.
231 3029 620 3112 pretiumlndicollxxiu
636 3032 736 3094 libras.
767 3033 796 3092 in
810 3032 952 3095 medicina
965 3032 1092 3092 Indicum

91 3115 210 3191 rigorcs
225 3125 255 3176 et
270 3117 395 3193 impetus
411 3116 494 3176 sedat
509 3117 656 3194 siccatque
677 3116 785 3178 ulcera.

56 3211 83 3252 ιι
156 3199 241 3279 (28.)
260 3199 396 3259 Armenia
410 3201 497 3260 mittit
512 3199 589 3279 quod
603 3201 667 3261 eius
683 3201 799 3262 nomina
814 3199 988 3280 appellatur.
1016 3198 1089 3276 lapis
1101 3207 1134 3264 at

94 3291 140 3343 εει
155 3284 203 3344 hic
216 3299 333 3361 quoquo
349 3281 551 3359 chrysocoliae
567 3284 653 3345 modo
664 3285 808 3362 iniectus,
824 3292 1028 3364 optumumque
1047 3290 1093 3342 est

93 3367 170 3444 quod
181 3385 311 3428 maxume
327 3366 450 3426 vicinum
467 3376 513 3428 est
529 3373 738 3431 communicato
753 3369 856 3430 colore
868 3386 932 3429 cum
944 3366 1092 3428 caeruleo.

92 3451 228 3513 solebant
256 3450 349 3512 librae
377 3452 440 3511 eius
465 3453 584 3514 tricenis
608 3454 728 3514 nummis
756 3455 859 3518 taxari.
901 3452 1096 3526 loventaqec
