2378 3840
138 154 178 214 56
480 161 509 210 c.
532 163 628 209 nunu
651 161 801 210 succum
836 199 838 203 Α

140 318 211 377 utile
232 325 284 377 est.
324 318 460 395 quotiens
480 334 553 395 opus
571 317 609 375 sit
624 316 730 375 molliri
747 315 805 374 vim
822 317 897 391 eius,
918 316 975 375 mel
991 315 1142 394 adspergi-

140 411 192 460 tur.
235 400 331 460 erodit
348 409 378 460 et
397 400 499 460 callum
515 399 674 459 fistularum
689 418 727 459 ex
749 407 833 459 aceto
851 400 1010 460 foventium
1026 408 1056 459 et
1079 400 1140 458 col-

140 485 221 560 lyriis
243 483 372 560 additur,
400 485 477 544 sistit
501 492 530 543 et
557 485 726 561 sauguinem
747 482 902 562 ulceraque
925 501 997 582 quae
1021 493 1141 562 serpant

139 586 252 645 quaeve
268 576 453 646 putrescant,
475 567 598 627 absumit
614 575 644 627 et
659 569 861 627 excrescentis
878 569 980 627 carnis.
1013 567 1140 665 peculia-

138 653 211 711 riter
228 651 374 710 virilitatis
390 652 468 711 vitiis
484 650 554 710 utile
576 659 606 710 et
621 652 789 712 feminarum
804 650 977 749 profluvium
996 652 1163 712 sistite

96 742 146 802 123
221 734 303 814 (32.)
319 734 421 795 Graeci
438 735 654 833 cognationem
653 736 729 794 aeris
744 735 858 794 nomine
874 734 1007 795 iecerunt
1023 743 1052 794 et
1067 744 1140 794 atra·

137 828 235 878 mento
257 820 370 878 sutorio
388 853 431 863 -
448 818 594 898 appellant
609 820 683 878 enim
698 815 888 878 chalcanthon
904 855 963 895 -‚
980 836 1035 878 nee
1053 818 1139 877 ullius

137 921 232 980 aeque
249 904 320 962 mira
336 912 436 962 natura
453 911 507 963 est.
537 902 583 963 Fit
599 903 629 962 in
642 901 800 980 Hispaniae
825 904 922 981 puteis
944 903 1093 980 stagnisve
1111 901 1140 961 id

136 1005 229 1063 genus
250 1004 341 1065 aquae
364 986 545 1046 habentibus.
586 986 757 1063 decoquitur
778 1004 813 1045 ea
834 985 957 1045 admixta
980 986 1054 1046 dulci
1077 987 1139 1064 pari

137 1088 270 1130 mensura
296 1079 326 1130 et
347 1072 376 1129 irr
398 1072 523 1149 piscinas
538 1069 651 1147 ligneas
667 1069 801 1129 funditur.
840 1070 1027 1129 inmobilibus
1050 1087 1179 1148 superno

136 1154 187 1213 has
212 1156 344 1213 transtris
367 1153 534 1231 dependent
554 1163 650 1214 restes
672 1153 778 1231 lapillis
805 1161 944 1220 extentae
965 1154 1068 1230 quibus
1092 1153 1140 1213 ad-

136 1235 314 1296 haerescens
331 1236 413 1295 limus
430 1238 532 1296 vitreis
553 1238 643 1296 acinis
661 1237 812 1314 imaginem
827 1237 966 1314 quandam
982 1255 1054 1298 uvae
1074 1238 1139 1297 red-

137 1319 185 1379 dit.
220 1328 384 1398 exemptum
405 1321 445 1378 ita
465 1321 588 1379 siccatur
608 1318 708 1379 diebus
732 1318 823 1380 XXX.
865 1320 949 1381 color
972 1329 1018 1380 est
1038 1338 1136 1381 caeru-

137 1402 217 1479 leus,
245 1420 383 1482 perquam
401 1403 555 1482 spectabili
577 1405 689 1480 nitore,
719 1404 881 1481 vitrumque
907 1422 975 1464 esse
997 1405 1136 1480 creditur,

82 1482 292 1550 ‘inserueras
317 1487 348 1546 lit
368 1495 556 1547 atramentum
577 1487 742 1565 tinguendis
765 1489 862 1548 coriis.
894 1487 941 1547 Fit
958 1498 987 1548 et
1005 1488 1137 1566 pluribus
1151 1507 1177 1547 rs

135 1570 243 1631 modis:
261 1589 373 1648 genere
391 1581 487 1631 terrae
505 1589 541 1632 eo
558 1573 587 1631 in
603 1572 717 1632 scrobis
733 1580 852 1649 cavato,
871 1589 991 1650 quorum
1007 1591 1023 1631 e
1040 1572 1138 1632 lateri-

135 1654 189 1714 bus
212 1654 386 1714 destillantis
404 1654 528 1715 hiberno
546 1655 616 1734 gelu
638 1657 736 1716 stirias
756 1656 924 1734 stalagmian
942 1664 1064 1733 vocant,
1088 1674 1137 1715 ne-

136 1756 193 1816 que
210 1747 255 1798 est
270 1740 370 1816 purius
386 1739 471 1799 aliud.
504 1740 556 1800 sed
571 1758 609 1799 ex
624 1757 661 1800 co
677 1739 825 1799 candidum
843 1739 974 1800 colorem
991 1741 1137 1800 sentiente

94 1833 143 1887 las
155 1822 233 1882 viola
251 1821 410 1883 lonchoton
427 1823 582 1902 appellant.
621 1825 652 1882 iit
669 1832 698 1882 et
713 1825 742 1882 irr
757 1840 894 1883 saxorum
915 1825 1017 1884 catinis
1040 1822 1137 1901 pluvia

136 1924 207 1983 aqua
224 1909 375 1966 conrivato
391 1907 459 1966 limo
474 1908 610 1985 gelante,
628 1909 659 1966 lit
676 1915 706 1965 et
720 1906 790 1966 salis
807 1907 894 1967 modo
912 1907 1135 1984 flagrantissimo
1145 1925 1175 1964 ro

136 1990 200 2049 sole
229 1989 367 2049 admissas
390 1989 481 2049 dulcis
505 2008 592 2067 aquas
618 1999 753 2067 cogente.
796 1990 862 2050 ideo
890 1990 1003 2071 quidam
1028 1991 1135 2072 duplici

135 2073 300 2132 differentia
323 2073 428 2132 fossile
451 2082 498 2132 aut
522 2074 665 2133 facticium
684 2073 848 2153 appellant,
870 2075 927 2136 hoc
948 2075 1082 2154 pallidius
1106 2087 1135 2136 et

93 2166 144 2220 lid
155 2165 288 2233 quantum
305 2155 407 2215 colore
424 2164 532 2215 tantum
545 2157 676 2218 bonitate
692 2157 830 2219 deterius
860 2158 989 2219 Probant
1004 2179 1135 2220 maxume

136 2237 295 2316 Cyprium
288 2258 316 2298 ιιι
332 2240 493 2300 medicinae
509 2259 570 2301 usu.
607 2243 727 2301 sumitur
741 2242 775 2302 ad
794 2242 930 2321 pellenda
947 2245 1059 2304 ventris
1076 2246 1135 2304 ani

133 2322 217 2382 malia
240 2323 392 2384 drachmae
413 2324 545 2402 pondere
568 2344 630 2385 cum
648 2326 743 2386 melle
776 2335 882 2404 purgat
904 2337 935 2408 et
956 2337 1041 2406 caput
1063 2328 1134 2387 dilu-
1146 2345 1174 2385 rs

134 2415 192 2465 tum
213 2425 246 2467 ac
269 2409 385 2467 naribus
406 2407 590 2486 instillatum,
614 2411 683 2471 item
699 2409 874 2470 stomachum
895 2430 957 2471 cum
978 2411 1065 2471 melle
1086 2421 1135 2472 aut

135 2508 206 2568 aqua
230 2492 320 2551 mulsa
343 2501 495 2570 sumptum.
531 2453 663 2554 medetur
686 2503 716 2553 et
741 2493 890 2554 oculorum
909 2496 1063 2555 scabritiae
1083 2495 1133 2555 do-

134 2573 228 2636 lorive
254 2585 283 2635 et
299 2576 415 2654 caligini
432 2586 461 2636 et
484 2579 544 2636 oris
559 2577 715 2637 ulceribus.
755 2578 832 2636 sistit
856 2586 886 2637 et
901 2580 1069 2657 sanguinem
1086 2595 1134 2637 na-

133 2660 223 2736 rium,
241 2661 311 2719 item
324 2659 583 2720 haemorrhoidum.
613 2660 738 2719 extrahit
758 2677 824 2719 ossa
839 2661 930 2722 fracta
945 2681 1008 2723 cum
1022 2663 1133 2722 semine

133 2741 317 2819 hyoscyami,
340 2743 491 2821 suspendit
514 2743 671 2822 epiphoras
695 2743 833 2822 penicillo
857 2745 946 2806 fronti
967 2747 1172 2824 inpositum,so

134 2824 238 2883 efficax
253 2833 283 2883 et
299 2827 327 2883 in
344 2826 509 2903 emplastris
527 2826 561 2886 ad
579 2827 726 2904 purganda
741 2827 863 2888 volnera
879 2838 910 2889 et
931 2831 1134 2890 excrescentia

92 2915 140 2971 127
153 2906 290 2965 ulcerum
323 2908 400 2967 tollit
415 2917 446 2967 et
460 2928 543 2987 uvas,
565 2909 614 2969 vel
631 2930 655 2970 sr
649 2911 794 2971 decocto
811 2920 980 2991 tangantur,
1004 2931 1067 2974 cum
1083 2912 1133 2972 lini

133 3007 249 3067 quoque
264 2992 374 3050 semiue
387 2995 595 3070 superponitur
610 2995 774 3073 emplastris
787 2995 821 3055 ad
837 2996 957 3057 dolores
973 2996 1133 3086 tollendos,

133 3074 268 3153 quodque
298 3093 336 3133 ex
362 3092 399 3134 eo
421 3076 584 3136 candicat
576 3097 604 3136 m
632 3097 688 3138 uno
712 3099 765 3138 usu
795 3081 961 3158 praefertur
981 3073 1133 3156 violaceis,

133 3166 163 3216 ut
178 3160 313 3236 gravitati
336 3161 444 3218 aurium
470 3178 524 3239 per
546 3162 656 3222 listulas
678 3165 846 3242 inspiretur.
880 3165 1002 3225 volnera
1022 3182 1077 3242 per
1100 3182 1170 3222 sess

133 3241 242 3302 inlitum
263 3251 361 3318 sanat,
394 3243 446 3303 sed
471 3246 576 3322 tinguit
600 3248 762 3308 cicatrices
803 3264 897 3325 nuper
917 3251 1063 3308 inventum
1087 3263 1133 3305 ιιι

132 3344 228 3385 sorum
246 3328 275 3385 in
290 3327 397 3387 harena
417 3337 445 3387 et
462 3327 579 3388 leonum
603 3347 652 3390 ora
670 3349 811 3410 spargere
832 3329 901 3410 illo,
927 3341 1065 3409 tantaque
1087 3337 1134 3390 est

131 3410 175 3468 vis
192 3411 221 3469 iu
237 3411 444 3488 adstringendo
464 3421 493 3471 ut
516 3431 573 3473 noo
591 3425 698 3492 queant
713 3415 859 3476 mordere.
