2378 3840
312 195 392 243 unu.
414 193 504 243 ursa.
525 194 647 240 xxxin.
668 193 691 243 1.
713 191 738 247 ι.
760 182 875 260 (o-e.)
1071 184 1090 244 9

97 349 228 410 omnibus
247 349 335 411 electi
358 351 393 410 ad
408 349 610 409 custodiendas
634 350 835 427 suffragiorum
857 349 943 407 cistas
962 351 990 407 in
1004 351 1091 408 comi-

97 434 155 499 tiis.
193 441 223 492 et
244 432 352 493 divisus
373 434 419 493 hic
440 450 556 511 quoque
577 433 649 492 ordo
670 441 733 493 erat
753 431 880 510 superba
903 433 1090 509 usurpatione

96 518 255 592 nominum,
273 535 335 576 cum
347 517 419 577 alius
436 535 468 576 se
485 525 678 593 nongentum,
694 517 767 576 alius
779 514 936 591 selectum,
954 514 1026 573 alius
1040 515 1090 573 tri-

96 601 199 659 bunum
217 599 388 677 appellaret.

72 703 85 741 a
158 681 217 762 (8.)
238 681 337 743 Tiberi
356 683 466 744 demum
481 683 659 762 principatu,
682 699 759 741 nono
782 698 874 758 anuo,
895 684 924 742 in
948 684 1084 741 unitatem
1096 690 1132 745 32

94 768 175 827 venit
190 775 330 845 equester
346 767 438 843 ordo,
463 767 670 844 anulorumque
689 766 852 825 auctoritati
874 767 966 826 iorma
981 766 1089 825 consti·

95 858 155 909 tuta
177 858 224 909 est
247 848 278 910 C.
298 850 402 910 Asinio
425 849 548 909 Polione
571 847 602 908 Ο.
630 848 757 908 Antistio
780 848 892 909 Vetere
916 867 992 908 coss.
1015 866 1088 908 anno

93 934 174 992 urbis
194 934 328 992 conditae
344 931 556 1007 DGCLXXV.,
579 931 656 1009 quod
677 933 830 1006 miremur,
852 932 926 991 futili
944 951 1036 1010 paene
1052 932 1089 991 de

95 1034 197 1092 cansa,
217 1035 281 1075 cum
297 1013 329 1076 C.
352 1015 496 1094 Sulpicius
514 1013 604 1074 Galba
627 1014 788 1073 iuvenalem
804 1014 905 1074 lamam
924 1016 998 1092 apud
1013 1016 1089 1092 prin-

60 1120 84 1160 ιο
96 1102 191 1178 cipcm
206 1101 374 1177 popinarum
401 1099 511 1178 poeuis
528 1105 684 1175 aucupatus
703 1107 822 1175 questus
847 1107 926 1158 esset
942 1101 971 1157 in
987 1105 1088 1157 senatu

94 1183 184 1260 volgo
208 1184 358 1243 institores
381 1185 443 1243 eius
466 1181 568 1260 culpae
589 1178 704 1241 delendi
730 1181 832 1242 anulis.
874 1182 927 1241 hac
947 1181 982 1240 de
1004 1200 1089 1241 causa

94 1268 280 1327 constitutum
298 1284 334 1326 ne
358 1269 402 1326 cui
425 1267 469 1325 ius
492 1274 573 1325 esset
588 1267 643 1325 nisi
666 1267 713 1343 qui
729 1268 871 1343 ingenuus
895 1267 976 1343 ipse,
994 1273 1088 1343 patre,

94 1369 149 1411 avo
169 1359 289 1428 paterno
312 1349 366 1409 llS.
382 1351 475 1416 δ’(ῖῶ
493 1367 597 1408 census
614 1350 718 1408 luisset
733 1359 763 1408 et
779 1350 847 1426 lege
865 1349 937 1409 lulia
954 1348 1088 1409 theatrali

93 1436 123 1493 in
140 1433 222 1492 Xllll
245 1433 393 1493 ordinibus
417 1432 552 1492 sedisset.
590 1440 694 1508 postea
708 1435 851 1509 gregatim
868 1434 981 1508 insigne
998 1432 1026 1491 id
1043 1432 1089 1490 ad·

59 1519 154 1596 repeti
171 1524 314 1593 coeptum.
352 1523 473 1593 propter
496 1514 569 1573 baec
589 1514 751 1574 discrimina
775 1514 859 1574 Gaius
881 1517 1018 1592 princeps
1037 1514 1133 1580 dosa

95 1601 200 1658 curiam
219 1599 343 1676 quintam
359 1597 475 1672 adiecit,
492 1604 654 1674 tantumque
674 1606 786 1656 enatum
804 1607 850 1657 est
865 1599 955 1657 fastus
970 1607 1000 1656 ut
1014 1616 1088 1676 quae

95 1683 230 1742 subdivo
247 1681 381 1758 Augusto
394 1679 499 1757 inpleri
516 1698 573 1739 non
585 1686 740 1757 potuerant
752 1679 887 1741 decuriae
903 1698 960 1739 nou
976 1683 1089 1759 capiant

95 1785 158 1826 eum
181 1765 326 1840 ordinem,
350 1765 515 1842 passimque
539 1762 573 1822 ad
595 1771 762 1822 ornamenta
782 1781 816 1822 ea
839 1765 924 1822 etiam
945 1767 1087 1823 servitute

94 1849 209 1909 liberati
227 1848 404 1924 transiliant,
428 1847 504 1925 quod
527 1855 611 1906 antea
632 1863 780 1923 numquam
797 1855 861 1906 erat
876 1847 997 1921 iactum,
1018 1864 1088 1924 quo·

59 1935 211 1994 beniamin
226 1932 326 1993 ierreo
343 1932 428 1991 anulo
452 1939 481 1990 et
502 1932 616 2009 equites
640 1929 808 2008 iudicesque
831 1927 1086 2006 intellegebantur.

94 2017 225 2095 adeoque
240 2013 268 2075 id
283 2017 475 2093 promiscuum
492 2033 559 2075 esse
575 2015 674 2091 coepit
690 2023 720 2073 ut
737 2014 812 2092 apud
824 2013 970 2074 Claudium
984 2011 1088 2072 Caesa·

94 2119 154 2159 rem
180 2103 208 2159 in
234 2117 357 2159 censura
384 2101 446 2159 eius
476 2117 546 2158 unus
572 2117 610 2157 ex
637 2099 782 2175 equitibus
809 2098 924 2159 Flavius
948 2095 1088 2157 Proculus
1141 2108 1143 2112 ’

94 2183 321 2261 quadringentos
341 2201 378 2240 ex
394 2199 428 2240 ea
443 2199 527 2240 causa
549 2199 617 2240 reos
634 2182 804 2258 postularet.
840 2184 879 2241 ita
894 2182 957 2242 dum
973 2198 1089 2259 separa·

95 2275 140 2324 tur
159 2264 230 2324 ordo
248 2264 284 2322 ab
300 2265 451 2338 ingenuis,
473 2266 686 2323 conmunicatus
703 2274 749 2324 est
765 2284 827 2323 curn
843 2266 980 2325 servitiis.
1014 2264 1083 2324 iudi·
1096 2272 1132 2328 34

58 2369 84 2410 aa
95 2368 157 2410 cum
169 2356 264 2408 autem
279 2345 477 2425 appellatione
494 2363 632 2423 separare
647 2364 711 2406 eum
723 2347 853 2406 ordinem
864 2349 946 2425 primi
965 2349 1087 2407 omnium

94 2436 247 2495 instituere
266 2430 385 2492 Gracchi
402 2428 527 2489 discordi
555 2429 747 2506 popularitate
770 2431 799 2489 in
824 2429 1024 2489 contumeliam
1043 2449 1088 2489 se·

94 2529 196 2596 natus,
218 2535 286 2577 mox
310 2515 456 2576 debellata
480 2515 637 2574 auctoritas
663 2514 784 2573 nominis
807 2514 888 2573 vario
915 2511 1088 2571 seditionum

96 2611 203 2662 eventu
217 2603 293 2661 circa
309 2600 479 2678 publicanos
498 2599 627 2658 substitit
647 2607 677 2657 et
688 2597 863 2674 eliquamdiu
878 2597 983 2655 tertiae
999 2597 1087 2654 sortis

95 2686 149 2743 viri
171 2683 314 2761 publicani
337 2684 428 2745 luere.
464 2681 501 2742 bl.
521 2681 626 2743 Cicero
650 2681 762 2740 demum
784 2680 922 2740 stabilivit
947 2686 1088 2757 equestre

59 2785 199 2826 eonomeu
218 2769 247 2826 in
271 2767 420 2826 consulatu
450 2784 503 2825 suo
528 2764 695 2826 Gatilinanis
723 2764 828 2840 rebus,
860 2783 898 2824 ex
926 2780 962 2822 eo
987 2762 1088 2822 ordine

95 2850 257 2930 proiectum
283 2868 315 2910 se
336 2850 488 2910 celebrans
512 2853 633 2928 eiusque
648 2850 720 2906 viris
739 2847 878 2927 peculiari
892 2845 1087 2927 popularitate

96 2951 250 3010 quaerens.
291 2934 326 2993 ab
349 2933 400 2994 illo
427 2943 558 3011 tempore
577 2934 662 3012 plane
678 2933 733 2992 boc
760 2934 874 2992 tertium
889 2948 995 3008 corpus
1012 2932 1040 2989 in
1056 2949 1089 2990 re

96 3015 210 3094 publica
231 3016 335 3076 iactum
360 3026 424 3092 est,
445 3020 603 3095 coepitque
624 3018 697 3076 adici
716 3017 828 3076 senatui
846 3015 1013 3094 populoque
1030 3012 1088 3072 lio·

94 3116 178 3160 mano
194 3108 224 3159 et
239 3107 378 3177 equester
394 3099 475 3158 ordo.
510 3101 617 3177 quade
633 3117 718 3159 causa
733 3108 764 3159 et
781 3118 854 3158 nunc
870 3107 937 3177 post
953 3096 1089 3176 populum

59 3183 249 3259 asscribitur,
267 3185 331 3260 quia
346 3183 504 3242 novissime
519 3191 641 3261 coeptus
659 3192 705 3243 est
722 3182 803 3242 adici.

157 3269 218 3347 (9.)
239 3266 374 3345 Equitum
389 3265 503 3343 quidem
519 3267 604 3326 etiam
616 3283 720 3327 nomen
735 3269 829 3344 ipsum
841 3283 930 3344 saepe
948 3264 1086 3325 variatum
1098 3275 1131 3329 35

95 3360 142 3413 est
162 3353 191 3412 in
212 3352 248 3411 iis
274 3367 390 3428 quoque
415 3351 509 3427 quiid
530 3350 565 3410 ab
584 3352 712 3428 equitatu
728 3349 889 3410 trabebant.
907 3348 1022 3409 celeres
1035 3346 1089 3408 sub

94 3435 218 3495 Romulo
235 3433 414 3512 regibusque
431 3443 496 3494 sunt
511 3434 666 3512 appellati,
687 3435 791 3495 deinde
807 3435 968 3510 denuntes,
985 3439 1089 3511 postea
