2378 3840
297 190 376 238 nna.
397 189 488 238 mou.
510 189 635 237 xxxin.
656 187 680 240 o.
699 186 724 241 t.
745 176 892 258 (ot—37.)
1055 175 1094 237 23
1176 259 1182 266 .

101 353 188 424 gatae
206 345 304 402 vitium
320 352 375 404 est.
405 340 525 414 Quidam
540 343 595 403 duo
610 361 721 420 genera
738 344 845 402 faciunt
866 361 984 421 spumae
1000 361 1073 422 quae
1087 353 1138 408 108

102 434 208 488 vocant
231 426 401 502 scirerytida
423 435 453 486 et
474 445 652 504 peumenon,
680 428 796 486 tertium
822 425 1039 501 molybdaenam
1066 429 1095 486 in

104 510 220 589 plumbo
241 509 397 569 dicendam.
439 508 544 587 Spuma
566 518 598 568 ut
627 511 665 569 sit
690 509 767 569 utilis
789 511 892 568 iterum
913 511 1045 587 coquitur
1055 527 1088 569 aa,
1103 528 1137 563 ras

103 593 258 652 confractis
282 592 388 651 tubulis
410 592 445 652 ad
468 593 689 670 magnitudinem
710 592 870 652 anulorum.
912 593 951 651 ita
972 609 1095 652 accensa

81 675 221 735 afollibus
243 674 277 734 ad
298 673 475 752 separandos
497 675 640 734 carbones
661 677 847 753 cineremque
869 674 993 734 abluitur
1010 683 1094 734 aceto

103 767 150 818 aut
178 759 246 817 vino
274 756 415 833 simulque
440 760 638 834 restinguitur.
684 758 787 836 quodsi
818 759 856 816 sit
885 760 1039 834 argyritis,
1065 767 1096 816 ut

102 841 210 901 candor
226 841 253 900 01
271 839 355 900 detur
371 841 566 916 magnitudine
589 841 674 900 fabae
696 841 843 900 confracta
865 841 894 898 in
912 840 993 900 fictili
1010 842 1094 918 coqui

102 924 219 983 iubetur
244 941 283 982 ex
302 941 375 1001 aqua
397 923 492 982 addito
514 925 543 981 iu
561 923 689 982 linteolis
707 925 803 984 tritico
826 932 856 982 et
873 923 985 983 hordeo
1000 925 1095 999 novis,

103 1006 196 1066 donec
212 1024 247 1065 ea
261 1013 429 1082 purgentur.
459 1014 564 1081 postea
579 1025 633 1065 sex
645 1007 747 1066 diebus
763 1015 860 1067 terunt
876 1008 905 1065 iu
920 1008 1076 1081 mortariis,
1088 1017 1138 1070 100

67 1098 149 1150 mter
163 1087 210 1147 die
226 1088 378 1147 abluentes
395 1105 467 1164 aqua
484 1088 587 1164 frigida
604 1097 644 1163 et,
662 1107 724 1148 cum
739 1089 863 1166 desinat,
881 1089 984 1165 calida,
999 1088 1095 1148 addito

104 1172 166 1230 sale
181 1170 287 1246 fossili,
301 1173 330 1229 in
345 1170 445 1229 libram
460 1189 577 1249 spumae
595 1171 693 1231 obolo.
716 1174 875 1232 novissimo
888 1173 934 1232 die
949 1171 1015 1231 dein
1030 1189 1097 1230 con·

103 1254 172 1314 dunt
185 1255 223 1313 im
240 1253 375 1331 plumbeo
391 1272 470 1314 vase.
508 1254 556 1314 alii
574 1272 637 1313 cum
660 1256 726 1315 laba
748 1257 866 1316 candida
889 1265 919 1315 et
942 1256 1033 1314 tisana
1049 1273 1096 1314 co·

103 1346 169 1397 cunt
190 1337 357 1415 siccantque
376 1337 458 1415 sole,
478 1338 526 1397 alii
543 1339 572 1396 in
596 1337 659 1397 lana
677 1338 794 1398 candida
812 1357 874 1399 cum
893 1339 978 1414 faba,
1003 1338 1097 1398 donec

102 1419 195 1480 lanam
215 1437 272 1479 non
296 1420 438 1496 denigret.
478 1429 544 1479 tunc
566 1421 656 1479 salem
676 1421 808 1481 fossilem
829 1422 954 1482 adiciunt
974 1421 1096 1479 subinde

68 1521 93 1563 1⁵
103 1521 176 1581 aqua
191 1509 298 1560 mutata
315 1504 482 1577 siccantque
497 1502 598 1561 diebus
614 1501 663 1560 xt
680 1503 858 1563 calidissimis
880 1505 1007 1561 aestatis.
1042 1521 1096 1561 nec

104 1603 162 1644 non
173 1586 202 1643 in
214 1592 317 1643 ventre
331 1582 415 1641 suillo
428 1586 457 1641 in
471 1601 543 1660 aqua
558 1594 662 1643 cocunt
676 1593 896 1663 exemptamque
908 1587 983 1644 nitro
995 1585 1097 1644 fricant

104 1676 134 1727 et
150 1674 180 1726 ut
194 1683 281 1744 supra
296 1674 393 1725 terunt
413 1666 440 1723 in
461 1667 605 1724 mortariis
623 1685 685 1725 cum
701 1667 771 1726 sale.
807 1676 872 1726 sunt
892 1670 940 1744 qui
964 1686 1022 1726 non
1043 1685 1090 1727 co·
1104 1688 1138 1724 roa

103 1759 206 1829 quant,
228 1750 281 1809 sed
303 1767 365 1808 cum
386 1748 446 1808 sale
467 1757 563 1807 terant
581 1757 610 1807 et
626 1749 736 1808 adiecta
752 1767 825 1827 aqua
841 1749 965 1808 abluant.
998 1748 1075 1809 Usus
1088 1762 1140 1814 110

103 1835 166 1893 eius
197 1831 232 1892 ad
254 1831 375 1910 collyria
396 1840 426 1891 et
447 1831 499 1890 litu
520 1831 555 1890 ad
581 1832 761 1891 muliebrium
790 1833 955 1890 cicatricum
976 1832 1098 1891 foedita-

67 1925 148 1977 aotes
168 1915 312 1976 tollendas
336 1915 537 1993 maculasque,
553 1915 587 1973 ad
604 1914 736 1974 alendum
756 1914 898 1992 capillum.
936 1914 980 1973 vis
1003 1924 1098 1974 autem

103 2001 232 2077 siccare,
247 1999 378 2074 mollire,
395 1999 591 2075 refrigerare,
605 2007 785 2077 temperare,
805 2016 949 2077 purgare,
974 1998 1097 2075 explere

102 2082 221 2158 ulcera,
237 2091 364 2142 tumores
382 2082 494 2145 lenire„
516 2081 678 2161 talibusque
702 2083 865 2162 emplastris
891 2081 1003 2141 additur
1018 2089 1047 2141 et
1064 2081 1098 2140 li·

102 2167 181 2241 paris
201 2183 287 2242 supra
305 2165 396 2224 dictis.
419 2167 494 2240 ignis
512 2167 597 2224 etiam
612 2184 712 2226 sacros
730 2166 806 2226 tollit
822 2184 885 2224 cum
899 2173 962 2224 ruta
977 2167 1091 2241 myrtis·
1106 2183 1139 2219 ua

104 2263 161 2324 que
177 2254 207 2304 et
222 2255 326 2321 aceto,
341 2248 410 2304 itom
424 2248 583 2322 perniones
600 2267 662 2307 cum
679 2251 779 2325 myrtis
795 2257 826 2308 et
842 2267 918 2308 cera.

69 2342 94 2382 aa
168 2329 196 2388 7.
220 2328 300 2405 (36.)
321 2326 354 2385 lu
374 2329 546 2404 argentariis
563 2331 688 2389 metallis
709 2333 854 2390 invenitur
875 2333 989 2391 minium
1009 2342 1164 2423 quo-llis

104 2429 178 2489 que,
195 2419 223 2469 et
238 2427 312 2469 nunc
326 2411 402 2470 iuter
419 2411 566 2488 pigmenta
582 2429 701 2488 magnae
717 2414 896 2472 auctoritatis
912 2423 942 2472 et
958 2415 1099 2490 quondam

104 2495 179 2573 apud
192 2493 339 2554 llomanos
356 2510 413 2553 non
431 2493 524 2552 solum
538 2511 700 2570 maxumae,
722 2494 874 2554 sedetiam
892 2512 1001 2554 sacrae.
1031 2514 1098 2554 enu-

103 2585 195 2637 merat
204 2585 338 2636 auctores
347 2576 470 2637 Verrius
482 2576 585 2654 quibus
596 2575 718 2636 credere
730 2595 853 2636 necesse
866 2576 904 2635 sit
917 2576 996 2635 Iovis
1008 2579 1099 2654 ipsius

105 2659 248 2718 simulacri
274 2661 378 2718 faciem
402 2660 504 2721 diebus
531 2659 616 2719 lestis
643 2661 731 2718 minio
761 2659 841 2718 inlini
868 2659 982 2719 solitam
1004 2662 1100 2720 trium·

70 2741 308 2818 ecphantiumque
330 2759 472 2821 corpora,
494 2745 536 2802 sic
550 2740 698 2802 Camillum
714 2742 914 2820 triumphasse.
942 2742 995 2802 hac
1011 2744 1142 2806 reli-112

105 2825 194 2900 gioue
217 2825 370 2882 etiamnum
398 2825 461 2886 addi
490 2827 519 2884 in
547 2834 693 2902 unguenta
717 2842 807 2884 conae
832 2825 1009 2904 triumphalis
1032 2835 1062 2887 et
1084 2845 1100 2886 a

106 2906 277 2964 consoribus
297 2908 325 2964 in
340 2909 439 2985 primis
457 2908 556 2968 Iouem
573 2909 744 2967 miniandum
755 2908 853 2967 locari.
878 2911 959 2968 cuius
976 2911 1020 2969 rei
1036 2928 1101 2969 cau-

107 3005 166 3047 sam
191 2988 324 3065 equidem
346 2992 451 3066 mir0r‚
474 3007 640 3068 quamquam
663 3000 693 3049 et
714 2989 801 3050 hodie
823 2990 853 3050 iul
871 2994 970 3070 expeti
987 3000 1100 3052 constat

106 3071 283 3149 Aethiopum
295 3073 411 3149 populis
424 3080 561 3149 totosque
575 3090 611 3131 ec
624 3073 715 3148 tingui
731 3090 883 3151 proceres,
895 3075 970 3134 hunc
981 3075 1021 3134 ibi
1033 3074 1101 3134 deo·

71 3170 167 3215 aarum
183 3153 341 3222 simulacris
357 3156 488 3216 colorem
507 3174 583 3215 esse.
622 3165 801 3235 quapropter
816 3157 982 3233 diligentius
999 3175 1101 3235 perse·

107 3258 228 3319 quemur
245 3240 337 3299 omnia
353 3238 389 3299 de
405 3257 450 3300 eo.

169 3324 251 3402 (37.)
279 3322 496 3403 Theophrastus
520 3321 572 3383 XC
595 3325 675 3383 annis
697 3332 763 3384 ante
781 3323 966 3385 Praxibulum
988 3323 1079 3384 Athe·
1092 3336 1143 3390 113

106 3407 247 3466 niensium
263 3409 459 3484 magistratum
472 3408 605 3486 -qnod
623 3417 735 3486 tempus
756 3409 816 3467 exit
838 3410 867 3467 in
886 3407 965 3467 urbis
981 3407 1109 3469 nostrae
