2378 3840
306 241 384 285 unu.
407 239 495 288 uror.
516 241 640 287 xxxur.
661 237 685 288 a.
710 238 732 289 3.
757 229 890 304 (9—13.)
1059 230 1093 288 lt

104 399 194 450 strem
212 391 340 452 ordinem
360 391 466 452 saciet?
496 394 647 453 honestius
670 394 722 452 viri
737 391 927 470 paedagogiis
944 391 972 450 id
988 391 1095 469 damus,

103 473 291 552 balineasque
317 476 399 536 dives
422 495 576 555 puerorum
597 476 687 535 forma
710 476 863 534 convertit.
902 475 960 532 lam
975 491 1046 533 vero
1064 483 1094 533 et
1104 485 1136 538 41

102 555 302 634 Harpocraten
319 568 484 637 statuasque
497 560 711 636 Aegyptiorum
727 560 868 617 numinum
883 560 911 616 in
928 557 1024 633 digitis
1040 559 1093 615 viri

103 657 219 718 quoque
236 651 354 719 portare
370 644 518 721 incipiunt.
536 643 603 701 ,luit
627 651 657 701 et
678 641 733 701 alia
752 639 850 699 Claudi
868 642 1029 717 principatu
1045 640 1095 698 dil-

79 724 224 782 slerentia
241 724 370 784 insoleus
388 728 423 784 iis
442 727 544 803 quibus
561 726 740 785 admissionis
757 725 867 782 liberae
886 725 928 781 ius
947 723 1095 782 dedissent

100 807 252 882 imaginem
267 811 405 886 principis
429 828 466 868 ex
489 828 559 868 auro
578 811 605 867 in
624 809 709 885 anulo
724 807 865 884 gerendi,
886 824 987 883 magna
1002 808 1094 865 crimi-

46 956 49 961 ‚
100 908 164 947 num
181 892 353 967 occasione,
370 910 443 969 quae
461 894 553 950 omnia
569 892 702 951 salutaris
723 898 842 950 exortus
858 889 1031 967 Vespasiani
1046 890 1094 949 im-

100 975 244 1048 peratoris
257 974 386 1033 abolevit
399 975 558 1051 aequaliter
570 973 742 1051 publicando
755 975 922 1050 principem.
945 972 989 1032 oe
1001 971 1093 1032 anulis

85 1057 195 1114 aureis
212 1075 322 1134 usuque
340 1074 439 1115 eorum
455 1056 592 1116 hactonus
610 1058 647 1114 sit
659 1056 772 1115 dictum.

66 1154 89 1194 ro
163 1137 244 1216 (13.)
265 1138 435 1199 Proxumum
454 1139 549 1199 scelus
564 1141 617 1198 luit
632 1141 694 1199 eius
710 1139 759 1218 qui
778 1141 885 1216 primus
900 1157 938 1196 ex
955 1156 1025 1198 auro
1042 1137 1091 1196 de-
1102 1147 1136 1198 42

99 1221 207 1279 narium
222 1223 365 1299 signavit,
382 1223 459 1301 quod
475 1232 505 1283 et
519 1226 612 1302 ipsum
626 1223 696 1283 latet
711 1232 829 1283 auctore
847 1224 968 1281 incerto.
998 1220 1092 1298 Popu-

99 1303 142 1360 lus
160 1302 306 1364 Romanus
329 1326 365 1366 ne
390 1316 511 1384 argento
535 1309 647 1385 quidem
667 1310 780 1385 signato
805 1314 871 1365 aute
888 1304 1027 1381 Pyrrhum
1048 1322 1092 1362 re·

33 1440 44 1464 ,
98 1405 165 1462 gem
186 1387 328 1447 devictum
342 1409 409 1449 usus
426 1398 479 1449 est.
517 1390 627 1450 libralis
648 1425 690 1436 —
712 1390 787 1449 unde
804 1391 890 1449 etiam
905 1406 978 1447 nunc
993 1387 1092 1446 libella

98 1468 202 1528 dicitur
226 1479 255 1529 et
276 1470 435 1547 dupondius
461 1507 503 1517 -
534 1472 751 1548 adpendebatur
772 1473 855 1532 assis.
901 1488 990 1548 quare
1014 1471 1091 1529 aeris

64 1571 87 1611 ro
98 1552 195 1626 gravis
212 1569 306 1629 poena
323 1552 415 1629 dicta,
434 1563 464 1613 et
477 1554 568 1612 adbuc
583 1573 711 1633 expensa
726 1557 755 1613 in
771 1554 931 1614 rationibus
948 1554 1090 1624 dicuutur,

97 1636 166 1693 item
186 1635 321 1712 inpendia
338 1645 368 1695 et
386 1636 562 1714 dependere.
590 1640 662 1713 quin
679 1647 708 1697 et
724 1638 841 1696 militum
857 1635 1015 1713 stipendia,
1032 1636 1088 1694 boc
1100 1642 1134 1697 43

98 1725 143 1777 est
159 1718 242 1796 stipis
260 1718 404 1796 pondera,
426 1719 662 1797 dispensatores,
683 1719 879 1797 libripendes,
900 1736 955 1795 qua
970 1736 1091 1777 consue-

98 1800 195 1861 tudine
219 1804 246 1860 in
269 1803 304 1862 iis
322 1804 516 1882 emptionibus
533 1820 605 1880 quae
628 1803 749 1879 mancipi
767 1810 832 1860 sunt
849 1802 1000 1859 etiamnum
1018 1801 1090 1858 libra

96 1885 301 1963 interponitur.
332 1887 451 1946 Servius
475 1906 527 1946 rex
548 1889 655 1964 primns
678 1886 803 1963 signarit
822 1903 881 1943 aes.
922 1891 1005 1942 antea
1028 1882 1089 1941 rudi

61 1984 166 2026 rousos
188 1968 298 2031 Romae
320 1970 452 2030 Timaeus
473 1971 566 2030 tradit.
607 1973 747 2049 signatum
777 1978 823 2028 est
845 1975 912 2026 nota
940 1966 1089 2044 pecudum,

96 2051 170 2110 unde
186 2062 215 2112 et
231 2055 352 2132 pecunia
369 2055 521 2133 appellata.
550 2073 695 2115 maxumus
710 2072 814 2114 census
828 2055 904 2120 ὂῖῑ
917 2054 1022 2110 assium
1038 2050 1091 2108 luit

96 2133 147 2192 illo
170 2154 242 2212 rege
266 2146 295 2196 et
315 2138 382 2197 ideo
405 2138 476 2198 baec
500 2141 588 2216 prima
613 2139 725 2198 classis.
762 2138 922 2213 Argentum
944 2138 1132 2212 signatum44

96 2233 170 2274 anno
187 2218 267 2277 urbis
282 2217 524 2295 dccccxxxv,
554 2219 587 2290 Q.
605 2221 729 2299 Ogulnio
746 2218 778 2279 G.
794 2219 885 2280 Fabio
901 2239 990 2293 coss,
1008 2220 1087 2296 quin-

97 2317 152 2375 que
178 2303 258 2359 annis
279 2309 345 2361 ante
370 2303 489 2379 primum
514 2303 650 2362 Punicum
676 2302 793 2363 bellum.
830 2312 860 2361 et
881 2303 987 2378 placuit
1003 2302 1088 2360 dena-

60 2400 85 2438 rs
97 2383 168 2440 rium
183 2400 237 2461 pro
254 2384 355 2444 decem
366 2384 449 2444 libris
465 2387 542 2444 aeris
558 2378 693 2464 [valere],
709 2386 868 2461 quinarium
884 2401 937 2461 pro
951 2386 1087 2460 quinque,

96 2469 261 2527 sestertium
284 2486 338 2546 pro
364 2468 510 2546 dupondio
529 2486 561 2526 ac
577 2469 706 2526 semisse.
746 2465 850 2526 librale
866 2474 960 2525 autem
976 2465 1087 2542 pondus

95 2551 172 2608 aeris
193 2552 358 2611 inminutum
384 2560 429 2611 est
449 2550 528 2610 bello
552 2551 659 2610 Punico
681 2552 791 2629 primo,
813 2568 875 2609 cum
891 2549 1020 2626 inpensis
1040 2567 1086 2606 res

95 2630 208 2708 publica
231 2652 289 2693 non
311 2635 474 2711 sufficeret,
496 2636 739 2711 constitutumque
757 2642 788 2692 ut
811 2651 892 2692 asses
910 2633 1086 2691 sextantario

96 2712 225 2790 pondere
241 2717 406 2777 ferirentur.
445 2720 484 2777 ita
507 2721 630 2796 quinque
652 2726 748 2795 partes
767 2716 838 2774 lucri
854 2716 948 2774 iactae
964 2713 1086 2774 dissolu·

60 2808 85 2847 oo
96 2802 210 2870 tumque
223 2814 273 2856 aes
286 2797 418 2860 alienum.
443 2809 511 2860 nota
523 2804 600 2861 aeris
611 2802 673 2862 eius
688 2801 742 2859 luit
753 2818 791 2860 ex
805 2798 895 2859 altera
907 2806 988 2877 parte
1000 2797 1083 2857 lanus
1096 2809 1128 2861 45

94 2877 241 2953 geminus,
266 2898 303 2937 ex
318 2881 409 2941 altera
430 2892 554 2942 rostrum
569 2886 666 2958 navis,
689 2885 717 2941 iu
738 2885 844 2942 triente
871 2899 943 2942 vero
965 2890 994 2940 et
1016 2899 1085 2959 qua-

95 2959 194 3018 drante
210 2969 305 3037 rates,
325 2995 365 3005 -
390 2964 531 3040 quadrans
546 2975 631 3026 antea
647 2968 792 3025 teruncius
815 2973 934 3025 vocatus
955 2983 970 3023 a
992 2965 1084 3023 tribus

94 3043 185 3100 unciis
202 3077 252 3102 -.
287 3055 390 3122 postea
405 3045 563 3106 Hannibale
582 3057 722 3124 urguente
739 3047 773 3118 Q.
791 3048 882 3108 Fabio
897 3047 1029 3106 llaxumo
1046 3047 1086 3104 di-

93 3133 206 3186 ctatore
228 3145 310 3188 asses
332 3130 460 3189 unciales
481 3131 568 3206 lacti,
595 3130 759 3209 placuitque
790 3132 936 3191 denarium
956 3130 1083 3188 sedecim

58 3219 83 3258 ³5
93 3211 207 3269 assibus
222 3216 394 3291 permutari,
412 3216 569 3291 quinarium
590 3217 721 3290 octonis,
744 3217 910 3275 sestertium
925 3214 1082 3291 quaternis.

92 3297 131 3352 ita
145 3313 194 3355 res
208 3294 323 3374 publica
338 3296 479 3357 dimidium
493 3296 602 3357 lucrata
620 3306 681 3376 est,
697 3300 725 3358 in
738 3299 852 3359 militari
867 3306 962 3358 tamen
976 3299 1086 3375 stipen-

92 3377 140 3436 dio
155 3398 271 3457 semper
287 3380 419 3440 denarius
436 3399 490 3459 pro
508 3382 608 3441 decem
619 3384 733 3443 assibus
750 3383 831 3442 datus
848 3391 901 3442 est.
922 3382 1017 3440 Notae
1035 3401 1078 3442 ar·
1091 3389 1126 3444 46

91 3465 256 3538 gentiluere
270 3463 356 3541 bigae
374 3473 460 3543 atque
477 3465 653 3545 quadrigae,
668 3467 736 3526 inde
753 3467 852 3544 bigati
864 3467 1104 3542 quablxgatxque
