<?xml version="1.0" encoding="UTF-8"?>
<!DOCTYPE html PUBLIC "-//W3C//DTD XHTML 1.0 Transitional//EN"
    "http://www.w3.org/TR/xhtml1/DTD/xhtml1-transitional.dtd">
<html xmlns="http://www.w3.org/1999/xhtml" xml:lang="en" lang="en">
 <head>
  <title>
</title>
<meta http-equiv="Content-Type" content="text/html;charset=utf-8" />
  <meta name='ocr-system' content='tesseract 3.04.00' />
  <meta name='ocr-capabilities' content='ocr_page ocr_carea ocr_par ocr_line ocrx_word'/>
</head>
<body>
  <div class='ocr_page' id='page_1' title='image "./cplinisecundina05plingoog_0131.png"; bbox 0 0 2378 3840; ppageno 0'>
   <div class='ocr_carea' id='block_1_1' title="bbox 121 139 774 214">
    <p class='ocr_par' dir='ltr' id='par_1_1' title="bbox 121 139 774 214">
     <span class='ocr_line' id='line_1_1' title="bbox 121 139 774 214; baseline 0.002 -3"><span class='ocrx_word' id='word_1_1' title='bbox 121 155 157 212; x_wconf 81' lang='grc'><strong>14</strong></span> <span class='ocrx_word' id='word_1_2' title='bbox 461 166 490 213; x_wconf 89' lang='lat' dir='ltr'><strong>c.</strong></span> <span class='ocrx_word' id='word_1_3' title='bbox 511 165 607 212; x_wconf 79' lang='lat' dir='ltr'><strong>rnrxx</strong></span> <span class='ocrx_word' id='word_1_4' title='bbox 625 139 774 214; x_wconf 74' lang='lat' dir='ltr'><strong>succum</strong></span> 
     </span>
    </p>
   </div>
   <div class='ocr_carea' id='block_1_2' title="bbox 71 321 1142 1892">
    <p class='ocr_par' dir='ltr' id='par_1_2' title="bbox 116 321 1110 563">
     <span class='ocr_line' id='line_1_2' title="bbox 119 321 1110 398; baseline 0.002 -21"><span class='ocrx_word' id='word_1_5' title='bbox 119 336 235 396; x_wconf 91' lang='lat' dir='ltr'><strong>quoque</strong></span> <span class='ocrx_word' id='word_1_6' title='bbox 260 327 289 378; x_wconf 88' lang='lat' dir='ltr'><strong>et</strong></span> <span class='ocrx_word' id='word_1_7' title='bbox 313 321 458 398; x_wconf 85' lang='lat' dir='ltr'><strong>parietes,</strong></span> <span class='ocrx_word' id='word_1_8' title='bbox 481 321 527 397; x_wconf 90' lang='lat' dir='ltr'><strong>qui</strong></span> <span class='ocrx_word' id='word_1_9' title='bbox 546 321 600 378; x_wconf 87' lang='lat' dir='ltr'><strong>iam</strong></span> <span class='ocrx_word' id='word_1_10' title='bbox 616 327 646 379; x_wconf 89' lang='lat' dir='ltr'><strong>et</strong></span> <span class='ocrx_word' id='word_1_11' title='bbox 661 321 717 397; x_wconf 91' lang='lat' dir='ltr'><strong>ipsi</strong></span> <span class='ocrx_word' id='word_1_12' title='bbox 738 328 878 396; x_wconf 80' lang='lat' dir='ltr'><strong>tamquam</strong></span> <span class='ocrx_word' id='word_1_13' title='bbox 896 336 964 378; x_wconf 87' lang='lat' dir='ltr'><strong>vasa</strong></span> <span class='ocrx_word' id='word_1_14' title='bbox 980 322 1110 380; x_wconf 87' lang='lat' dir='ltr'><strong>inauran-</strong></span> 
     </span>
     <span class='ocr_line' id='line_1_3' title="bbox 118 400 1109 481; baseline 0.003 -21"><span class='ocrx_word' id='word_1_15' title='bbox 118 411 179 477; x_wconf 87' lang='lat' dir='ltr'><strong>tur,</strong></span> <span class='ocrx_word' id='word_1_16' title='bbox 204 420 267 460; x_wconf 91' lang='lat' dir='ltr'><strong>curn</strong></span> <span class='ocrx_word' id='word_1_17' title='bbox 286 403 365 461; x_wconf 92' lang='lat' dir='ltr'><strong>varia</strong></span> <span class='ocrx_word' id='word_1_18' title='bbox 384 421 434 462; x_wconf 90' lang='lat' dir='ltr'><strong>sua</strong></span> <span class='ocrx_word' id='word_1_19' title='bbox 455 411 534 461; x_wconf 90' lang='lat' dir='ltr'><strong>aetas</strong></span> <span class='ocrx_word' id='word_1_20' title='bbox 551 402 587 461; x_wconf 90' lang='lat' dir='ltr'><strong>de</strong></span> <span class='ocrx_word' id='word_1_21' title='bbox 602 400 703 461; x_wconf 82' lang='lat' dir='ltr'><strong>Catulo</strong></span> <span class='ocrx_word' id='word_1_22' title='bbox 720 403 946 478; x_wconf 75' lang='lat' dir='ltr'><strong>existimaverit,</strong></span> <span class='ocrx_word' id='word_1_23' title='bbox 970 403 1047 481; x_wconf 91' lang='lat' dir='ltr'><strong>quod</strong></span> <span class='ocrx_word' id='word_1_24' title='bbox 1068 414 1109 464; x_wconf 88' lang='lat' dir='ltr'><strong>te-</strong></span> 
     </span>
     <span class='ocr_line' id='line_1_4' title="bbox 116 483 643 563; baseline 0 -20"><span class='ocrx_word' id='word_1_25' title='bbox 116 484 197 561; x_wconf 83' lang='lat' dir='ltr'>gulas</span> <span class='ocrx_word' id='word_1_26' title='bbox 213 503 314 545; x_wconf 87' lang='lat' dir='ltr'><strong>aereas</strong></span> <span class='ocrx_word' id='word_1_27' title='bbox 333 483 457 563; x_wconf 82' lang='lat' dir='ltr'><strong>Capitoli</strong></span> <span class='ocrx_word' id='word_1_28' title='bbox 475 488 643 545; x_wconf 89' lang='lat' dir='ltr'><strong>inaurasset.</strong></span> 
     </span>
    </p>

    <p class='ocr_par' dir='ltr' id='par_1_3' title="bbox 74 567 1108 646">
     <span class='ocr_line' id='line_1_5' title="bbox 74 567 1108 646; baseline -0.003 -15"><span class='ocrx_word' id='word_1_29' title='bbox 74 578 108 633; x_wconf 83' lang='lat'><strong>58</strong></span> <span class='ocrx_word' id='word_1_30' title='bbox 180 569 262 646; x_wconf 80' lang='lat'>(19.)</span> <span class='ocrx_word' id='word_1_31' title='bbox 277 568 387 627; x_wconf 87' lang='lat' dir='ltr'><strong>Primos</strong></span> <span class='ocrx_word' id='word_1_32' title='bbox 401 570 568 628; x_wconf 83' lang='lat' dir='ltr'><strong>inventores</strong></span> <span class='ocrx_word' id='word_1_33' title='bbox 580 569 653 644; x_wconf 90' lang='lat' dir='ltr'><strong>auri,</strong></span> <span class='ocrx_word' id='word_1_34' title='bbox 663 569 737 627; x_wconf 92' lang='lat' dir='ltr'><strong>sicut</strong></span> <span class='ocrx_word' id='word_1_35' title='bbox 749 567 930 628; x_wconf 88' lang='lat' dir='ltr'><strong>metallorum</strong></span> <span class='ocrx_word' id='word_1_36' title='bbox 941 569 1005 628; x_wconf 87' lang='lat' dir='ltr'><strong>iere</strong></span> <span class='ocrx_word' id='word_1_37' title='bbox 1019 572 1108 629; x_wconf 89' lang='lat' dir='ltr'><strong>omni·</strong></span> 
     </span>
    </p>

    <p class='ocr_par' dir='ltr' id='par_1_4' title="bbox 75 650 1131 1061">
     <span class='ocr_line' id='line_1_6' title="bbox 75 650 1131 729; baseline 0.007 -23"><span class='ocrx_word' id='word_1_38' title='bbox 75 673 91 713; x_wconf 64' lang='grc' dir='ltr'><strong>τ,</strong></span> <span class='ocrx_word' id='word_1_39' title='bbox 107 673 139 706; x_wconf 76' lang='lat' dir='ltr'><strong>m</strong></span> <span class='ocrx_word' id='word_1_40' title='bbox 152 670 213 725; x_wconf 90' lang='lat' dir='ltr'><strong>um,</strong></span> <span class='ocrx_word' id='word_1_41' title='bbox 230 659 363 728; x_wconf 86' lang='lat' dir='ltr'><strong>septumo</strong></span> <span class='ocrx_word' id='word_1_42' title='bbox 380 651 525 710; x_wconf 91' lang='lat' dir='ltr'><strong>volumine</strong></span> <span class='ocrx_word' id='word_1_43' title='bbox 543 652 672 711; x_wconf 87' lang='lat' dir='ltr'><strong>diximus.</strong></span> <span class='ocrx_word' id='word_1_44' title='bbox 703 650 889 729; x_wconf 88' lang='lat' dir='ltr'><strong>Praecipuam</strong></span> <span class='ocrx_word' id='word_1_45' title='bbox 906 653 1026 728; x_wconf 84' lang='lat' dir='ltr'><strong>gratiam</strong></span> <span class='ocrx_word' id='word_1_46' title='bbox 1043 652 1131 714; x_wconf 75' lang='lat' dir='ltr'><strong>huics</strong></span> 
     </span>
     <span class='ocr_line' id='line_1_7' title="bbox 116 733 1108 812; baseline 0.002 -20"><span class='ocrx_word' id='word_1_47' title='bbox 116 736 252 794; x_wconf 86' lang='lat' dir='ltr'><strong>materiae</strong></span> <span class='ocrx_word' id='word_1_48' title='bbox 275 734 366 794; x_wconf 86' lang='lat' dir='ltr'><strong>luisse</strong></span> <span class='ocrx_word' id='word_1_49' title='bbox 382 735 508 794; x_wconf 86' lang='lat' dir='ltr'><strong>arbitror</strong></span> <span class='ocrx_word' id='word_1_50' title='bbox 529 751 586 794; x_wconf 91' lang='lat' dir='ltr'><strong>non</strong></span> <span class='ocrx_word' id='word_1_51' title='bbox 608 734 728 811; x_wconf 90' lang='lat' dir='ltr'><strong>colore,</strong></span> <span class='ocrx_word' id='word_1_52' title='bbox 752 736 799 811; x_wconf 93' lang='lat' dir='ltr'><strong>qui</strong></span> <span class='ocrx_word' id='word_1_53' title='bbox 820 733 926 793; x_wconf 92' lang='lat' dir='ltr'><strong>clarior</strong></span> <span class='ocrx_word' id='word_1_54' title='bbox 942 736 970 793; x_wconf 94' lang='lat' dir='ltr'><strong>in</strong></span> <span class='ocrx_word' id='word_1_55' title='bbox 985 746 1108 812; x_wconf 90' lang='lat' dir='ltr'><strong>argento</strong></span> 
     </span>
     <span class='ocr_line' id='line_1_8' title="bbox 117 817 1108 896; baseline 0.002 -20"><span class='ocrx_word' id='word_1_56' title='bbox 117 826 162 876; x_wconf 91' lang='lat' dir='ltr'><strong>est</strong></span> <span class='ocrx_word' id='word_1_57' title='bbox 177 818 326 894; x_wconf 85' lang='lat' dir='ltr'><strong>magisque</strong></span> <span class='ocrx_word' id='word_1_58' title='bbox 345 818 402 877; x_wconf 90' lang='lat' dir='ltr'><strong>diei</strong></span> <span class='ocrx_word' id='word_1_59' title='bbox 421 817 540 894; x_wconf 92' lang='lat' dir='ltr'><strong>similis,</strong></span> <span class='ocrx_word' id='word_1_60' title='bbox 555 818 622 877; x_wconf 90' lang='lat' dir='ltr'><strong>ideo</strong></span> <span class='ocrx_word' id='word_1_61' title='bbox 640 817 809 876; x_wconf 88' lang='lat' dir='ltr'><strong>militaribus</strong></span> <span class='ocrx_word' id='word_1_62' title='bbox 827 818 917 893; x_wconf 90' lang='lat' dir='ltr'><strong>signis</strong></span> <span class='ocrx_word' id='word_1_63' title='bbox 930 818 1108 896; x_wconf 78' lang='lat' dir='ltr'><strong>familiarior,</strong></span> 
     </span>
     <span class='ocr_line' id='line_1_9' title="bbox 116 899 1108 978; baseline 0.004 -20"><span class='ocrx_word' id='word_1_64' title='bbox 116 902 248 978; x_wconf 94' lang='lat' dir='ltr'><strong>quoniam</strong></span> <span class='ocrx_word' id='word_1_65' title='bbox 264 899 379 978; x_wconf 86' lang='lat' dir='ltr'><strong>longius</strong></span> <span class='ocrx_word' id='word_1_66' title='bbox 395 900 500 978; x_wconf 86' lang='lat' dir='ltr'><strong>fulget,</strong></span> <span class='ocrx_word' id='word_1_67' title='bbox 515 901 667 960; x_wconf 83' lang='lat' dir='ltr'><strong>manifesto</strong></span> <span class='ocrx_word' id='word_1_68' title='bbox 684 918 786 960; x_wconf 92' lang='lat' dir='ltr'><strong>errore</strong></span> <span class='ocrx_word' id='word_1_69' title='bbox 803 918 904 960; x_wconf 87' lang='lat' dir='ltr'><strong>eorum</strong></span> <span class='ocrx_word' id='word_1_70' title='bbox 916 903 963 976; x_wconf 89' lang='lat' dir='ltr'><strong>qui</strong></span> <span class='ocrx_word' id='word_1_71' title='bbox 978 901 1108 962; x_wconf 92' lang='lat' dir='ltr'><strong>colorem</strong></span> 
     </span>
     <span class='ocr_line' id='line_1_10' title="bbox 116 982 1107 1061; baseline 0.003 -20"><span class='ocrx_word' id='word_1_72' title='bbox 116 982 241 1042; x_wconf 91' lang='lat' dir='ltr'><strong>siderum</strong></span> <span class='ocrx_word' id='word_1_73' title='bbox 263 983 409 1061; x_wconf 81' lang='lat' dir='ltr'><strong>placuisse</strong></span> <span class='ocrx_word' id='word_1_74' title='bbox 430 985 459 1042; x_wconf 95' lang='lat' dir='ltr'><strong>in</strong></span> <span class='ocrx_word' id='word_1_75' title='bbox 480 1002 549 1043; x_wconf 92' lang='lat' dir='ltr'><strong>auro</strong></span> <span class='ocrx_word' id='word_1_76' title='bbox 567 985 757 1054; x_wconf 76' lang='lat' dir='ltr'><strong>arbitrantur¹</strong></span> <span class='ocrx_word' id='word_1_77' title='bbox 780 1002 843 1042; x_wconf 89' lang='lat' dir='ltr'><strong>cum</strong></span> <span class='ocrx_word' id='word_1_78' title='bbox 862 985 890 1041; x_wconf 92' lang='lat' dir='ltr'><strong>in</strong></span> <span class='ocrx_word' id='word_1_79' title='bbox 904 1002 1015 1060; x_wconf 88' lang='lat' dir='ltr'><strong>gemma</strong></span> <span class='ocrx_word' id='word_1_80' title='bbox 1031 985 1107 1044; x_wconf 89' lang='lat' dir='ltr'><strong>aliis·</strong></span> 
     </span>
    </p>

    <p class='ocr_par' dir='ltr' id='par_1_5' title="bbox 72 1066 1142 1560">
     <span class='ocr_line' id='line_1_11' title="bbox 72 1066 1142 1146; baseline 0.001 -16"><span class='ocrx_word' id='word_1_81' title='bbox 72 1075 106 1130; x_wconf 77' lang='lat'><strong>59</strong></span> <span class='ocrx_word' id='word_1_82' title='bbox 120 1085 175 1143; x_wconf 89' lang='lat' dir='ltr'><strong>que</strong></span> <span class='ocrx_word' id='word_1_83' title='bbox 198 1067 285 1127; x_wconf 90' lang='lat' dir='ltr'><strong>rebus</strong></span> <span class='ocrx_word' id='word_1_84' title='bbox 308 1085 365 1127; x_wconf 91' lang='lat' dir='ltr'><strong>non</strong></span> <span class='ocrx_word' id='word_1_85' title='bbox 389 1068 426 1126; x_wconf 92' lang='lat' dir='ltr'><strong>sit</strong></span> <span class='ocrx_word' id='word_1_86' title='bbox 447 1070 629 1146; x_wconf 88' lang='lat' dir='ltr'><strong>praecipuus.</strong></span> <span class='ocrx_word' id='word_1_87' title='bbox 666 1085 720 1126; x_wconf 89' lang='lat' dir='ltr'><strong>nec</strong></span> <span class='ocrx_word' id='word_1_88' title='bbox 741 1066 871 1144; x_wconf 90' lang='lat' dir='ltr'><strong>pondere</strong></span> <span class='ocrx_word' id='word_1_89' title='bbox 895 1075 942 1125; x_wconf 89' lang='lat' dir='ltr'><strong>aut</strong></span> <span class='ocrx_word' id='word_1_90' title='bbox 964 1068 1142 1131; x_wconf 77' lang='lat' dir='ltr'><strong>‘facilitatem</strong></span> 
     </span>
     <span class='ocr_line' id='line_1_12' title="bbox 115 1149 1106 1229; baseline 0.005 -23"><span class='ocrx_word' id='word_1_91' title='bbox 115 1151 253 1208; x_wconf 87' lang='lat' dir='ltr'><strong>materiae</strong></span> <span class='ocrx_word' id='word_1_92' title='bbox 282 1150 441 1227; x_wconf 89' lang='lat' dir='ltr'><strong>praelatum</strong></span> <span class='ocrx_word' id='word_1_93' title='bbox 467 1159 513 1209; x_wconf 88' lang='lat' dir='ltr'><strong>est</strong></span> <span class='ocrx_word' id='word_1_94' title='bbox 540 1153 649 1210; x_wconf 91' lang='lat' dir='ltr'><strong>ceteris</strong></span> <span class='ocrx_word' id='word_1_95' title='bbox 676 1149 820 1225; x_wconf 89' lang='lat' dir='ltr'><strong>metallis,</strong></span> <span class='ocrx_word' id='word_1_96' title='bbox 853 1168 915 1208; x_wconf 92' lang='lat' dir='ltr'><strong>curn</strong></span> <span class='ocrx_word' id='word_1_97' title='bbox 941 1150 1025 1210; x_wconf 89' lang='lat' dir='ltr'><strong>cedat</strong></span> <span class='ocrx_word' id='word_1_98' title='bbox 1052 1170 1106 1229; x_wconf 92' lang='lat' dir='ltr'><strong>per</strong></span> 
     </span>
     <span class='ocr_line' id='line_1_13' title="bbox 115 1232 1106 1312; baseline 0.003 -23"><span class='ocrx_word' id='word_1_99' title='bbox 115 1241 265 1308; x_wconf 85' lang='lat' dir='ltr'><strong>utrumque</strong></span> <span class='ocrx_word' id='word_1_100' title='bbox 289 1232 425 1309; x_wconf 87' lang='lat' dir='ltr'><strong>plumbo,</strong></span> <span class='ocrx_word' id='word_1_101' title='bbox 453 1233 506 1291; x_wconf 91' lang='lat' dir='ltr'><strong>sed</strong></span> <span class='ocrx_word' id='word_1_102' title='bbox 534 1235 598 1309; x_wconf 91' lang='lat' dir='ltr'><strong>quia</strong></span> <span class='ocrx_word' id='word_1_103' title='bbox 623 1251 719 1293; x_wconf 89' lang='lat' dir='ltr'><strong>rerum</strong></span> <span class='ocrx_word' id='word_1_104' title='bbox 741 1234 787 1291; x_wconf 89' lang='lat' dir='ltr'><strong>uni</strong></span> <span class='ocrx_word' id='word_1_105' title='bbox 807 1233 876 1291; x_wconf 91' lang='lat' dir='ltr'><strong>nihil</strong></span> <span class='ocrx_word' id='word_1_106' title='bbox 898 1234 966 1310; x_wconf 87' lang='lat' dir='ltr'><strong>igne</strong></span> <span class='ocrx_word' id='word_1_107' title='bbox 990 1233 1106 1312; x_wconf 87' lang='lat' dir='ltr'><strong>deperit</strong></span> 
     </span>
     <span class='ocr_line' id='line_1_14' title="bbox 116 1314 1105 1394; baseline 0.004 -22"><span class='ocrx_word' id='word_1_108' title='bbox 116 1315 201 1372; x_wconf 86' lang='lat' dir='ltr'><strong>etiam</strong></span> <span class='ocrx_word' id='word_1_109' title='bbox 222 1315 250 1371; x_wconf 94' lang='lat' dir='ltr'><strong>in</strong></span> <span class='ocrx_word' id='word_1_110' title='bbox 274 1314 414 1373; x_wconf 91' lang='lat' dir='ltr'><strong>incendiis</strong></span> <span class='ocrx_word' id='word_1_111' title='bbox 437 1316 585 1393; x_wconf 91' lang='lat' dir='ltr'><strong>rogisque.</strong></span> <span class='ocrx_word' id='word_1_112' title='bbox 623 1317 690 1392; x_wconf 92' lang='lat' dir='ltr'><strong>quin</strong></span> <span class='ocrx_word' id='word_1_113' title='bbox 712 1317 795 1374; x_wconf 93' lang='lat' dir='ltr'><strong>immo</strong></span> <span class='ocrx_word' id='word_1_114' title='bbox 819 1333 876 1393; x_wconf 93' lang='lat' dir='ltr'><strong>quo</strong></span> <span class='ocrx_word' id='word_1_115' title='bbox 901 1319 1017 1394; x_wconf 87' lang='lat' dir='ltr'><strong>saepius</strong></span> <span class='ocrx_word' id='word_1_116' title='bbox 1034 1319 1105 1376; x_wconf 88' lang='lat' dir='ltr'><strong>arsit</strong></span> 
     </span>
     <span class='ocr_line' id='line_1_15' title="bbox 114 1396 1104 1477; baseline 0.005 -22"><span class='ocrx_word' id='word_1_117' title='bbox 114 1397 228 1475; x_wconf 84' lang='lat' dir='ltr'><strong>proficit</strong></span> <span class='ocrx_word' id='word_1_118' title='bbox 249 1396 283 1456; x_wconf 90' lang='lat' dir='ltr'><strong>ad</strong></span> <span class='ocrx_word' id='word_1_119' title='bbox 299 1397 475 1472; x_wconf 86' lang='lat' dir='ltr'><strong>bonitatem,</strong></span> <span class='ocrx_word' id='word_1_120' title='bbox 496 1399 615 1475; x_wconf 88' lang='lat' dir='ltr'><strong>aurique</strong></span> <span class='ocrx_word' id='word_1_121' title='bbox 638 1400 867 1476; x_wconf 86' lang='lat' dir='ltr'><strong>experimentum</strong></span> <span class='ocrx_word' id='word_1_122' title='bbox 886 1400 962 1475; x_wconf 88' lang='lat' dir='ltr'><strong>ignis</strong></span> <span class='ocrx_word' id='word_1_123' title='bbox 988 1409 1049 1477; x_wconf 86' lang='lat' dir='ltr'><strong>est,</strong></span> <span class='ocrx_word' id='word_1_124' title='bbox 1074 1410 1104 1460; x_wconf 92' lang='lat' dir='ltr'><strong>ut</strong></span> 
     </span>
     <span class='ocr_line' id='line_1_16' title="bbox 115 1480 1140 1560; baseline 0.009 -22"><span class='ocrx_word' id='word_1_125' title='bbox 115 1480 200 1539; x_wconf 91' lang='lat' dir='ltr'><strong>simili</strong></span> <span class='ocrx_word' id='word_1_126' title='bbox 217 1480 319 1540; x_wconf 90' lang='lat' dir='ltr'><strong>colore</strong></span> <span class='ocrx_word' id='word_1_127' title='bbox 334 1480 437 1540; x_wconf 90' lang='lat' dir='ltr'><strong>rubeat</strong></span> <span class='ocrx_word' id='word_1_128' title='bbox 451 1481 659 1560; x_wconf 82' lang='lat' dir='ltr'><strong>ignescatque,</strong></span> <span class='ocrx_word' id='word_1_129' title='bbox 677 1490 706 1541; x_wconf 89' lang='lat' dir='ltr'><strong>et</strong></span> <span class='ocrx_word' id='word_1_130' title='bbox 718 1484 811 1559; x_wconf 90' lang='lat' dir='ltr'><strong>ipsum</strong></span> <span class='ocrx_word' id='word_1_131' title='bbox 826 1482 976 1542; x_wconf 90' lang='lat' dir='ltr'><strong>obrussam</strong></span> <span class='ocrx_word' id='word_1_132' title='bbox 991 1492 1103 1543; x_wconf 91' lang='lat' dir='ltr'><strong>vocant.</strong></span> <span class='ocrx_word' id='word_1_133' title='bbox 1117 1508 1140 1546; x_wconf 87' lang='lat'><strong>15</strong></span> 
     </span>
    </p>

    <p class='ocr_par' dir='ltr' id='par_1_6' title="bbox 71 1564 1105 1892">
     <span class='ocr_line' id='line_1_17' title="bbox 71 1564 1105 1642; baseline 0.005 -21"><span class='ocrx_word' id='word_1_134' title='bbox 71 1565 236 1640; x_wconf 75' lang='lat' dir='ltr'><strong>fioprimum</strong></span> <span class='ocrx_word' id='word_1_135' title='bbox 261 1572 355 1624; x_wconf 89' lang='lat' dir='ltr'><strong>autern</strong></span> <span class='ocrx_word' id='word_1_136' title='bbox 380 1564 518 1623; x_wconf 90' lang='lat' dir='ltr'><strong>bonitatis</strong></span> <span class='ocrx_word' id='word_1_137' title='bbox 538 1573 734 1642; x_wconf 86' lang='lat' dir='ltr'><strong>argumentum</strong></span> <span class='ocrx_word' id='word_1_138' title='bbox 762 1583 845 1642; x_wconf 91' lang='lat' dir='ltr'><strong>quarn</strong></span> <span class='ocrx_word' id='word_1_139' title='bbox 871 1566 1037 1626; x_wconf 85' lang='lat' dir='ltr'><strong>difficillime</strong></span> <span class='ocrx_word' id='word_1_140' title='bbox 1061 1586 1105 1626; x_wconf 89' lang='lat' dir='ltr'><strong>ao·</strong></span> 
     </span>
     <span class='ocr_line' id='line_1_18' title="bbox 114 1645 1105 1726; baseline 0.003 -21"><span class='ocrx_word' id='word_1_141' title='bbox 114 1645 204 1705; x_wconf 89' lang='lat' dir='ltr'><strong>cendi.</strong></span> <span class='ocrx_word' id='word_1_142' title='bbox 243 1655 397 1725; x_wconf 89' lang='lat' dir='ltr'><strong>praeterea</strong></span> <span class='ocrx_word' id='word_1_143' title='bbox 417 1650 515 1706; x_wconf 88' lang='lat' dir='ltr'><strong>mirum</strong></span> <span class='ocrx_word' id='word_1_144' title='bbox 540 1666 648 1726; x_wconf 92' lang='lat' dir='ltr'><strong>prunae</strong></span> <span class='ocrx_word' id='word_1_145' title='bbox 672 1649 873 1708; x_wconf 89' lang='lat' dir='ltr'><strong>violentissimi</strong></span> <span class='ocrx_word' id='word_1_146' title='bbox 894 1648 964 1726; x_wconf 92' lang='lat' dir='ltr'><strong>ligni</strong></span> <span class='ocrx_word' id='word_1_147' title='bbox 987 1650 1105 1709; x_wconf 90' lang='lat' dir='ltr'><strong>indomi-</strong></span> 
     </span>
     <span class='ocr_line' id='line_1_19' title="bbox 114 1730 1104 1809; baseline 0.005 -22"><span class='ocrx_word' id='word_1_148' title='bbox 114 1739 171 1788; x_wconf 89' lang='lat' dir='ltr'><strong>tum</strong></span> <span class='ocrx_word' id='word_1_149' title='bbox 185 1730 268 1807; x_wconf 89' lang='lat' dir='ltr'><strong>palea</strong></span> <span class='ocrx_word' id='word_1_150' title='bbox 283 1732 421 1791; x_wconf 81' lang='lat' dir='ltr'><strong>citissime</strong></span> <span class='ocrx_word' id='word_1_151' title='bbox 434 1731 600 1807; x_wconf 85' lang='lat' dir='ltr'><strong>ardescere,</strong></span> <span class='ocrx_word' id='word_1_152' title='bbox 614 1741 700 1809; x_wconf 87' lang='lat' dir='ltr'><strong>atque</strong></span> <span class='ocrx_word' id='word_1_153' title='bbox 716 1741 747 1789; x_wconf 84' lang='lat' dir='ltr'><strong>ut</strong></span> <span class='ocrx_word' id='word_1_154' title='bbox 758 1741 898 1808; x_wconf 88' lang='lat' dir='ltr'><strong>purgetur</strong></span> <span class='ocrx_word' id='word_1_155' title='bbox 914 1751 975 1790; x_wconf 92' lang='lat' dir='ltr'><strong>cum</strong></span> <span class='ocrx_word' id='word_1_156' title='bbox 987 1733 1104 1809; x_wconf 91' lang='lat' dir='ltr'><strong>plumbo</strong></span> 
     </span>
     <span class='ocr_line' id='line_1_20' title="bbox 113 1813 1104 1892; baseline 0.003 -21"><span class='ocrx_word' id='word_1_157' title='bbox 113 1813 208 1891; x_wconf 89' lang='lat' dir='ltr'><strong>coqui.</strong></span> <span class='ocrx_word' id='word_1_158' title='bbox 230 1813 321 1874; x_wconf 90' lang='lat' dir='ltr'><strong>altera</strong></span> <span class='ocrx_word' id='word_1_159' title='bbox 338 1831 422 1874; x_wconf 91' lang='lat' dir='ltr'><strong>causa</strong></span> <span class='ocrx_word' id='word_1_160' title='bbox 440 1817 515 1892; x_wconf 86' lang='lat' dir='ltr'><strong>preti</strong></span> <span class='ocrx_word' id='word_1_161' title='bbox 531 1815 631 1888; x_wconf 87' lang='lat' dir='ltr'><strong>maior,</strong></span> <span class='ocrx_word' id='word_1_162' title='bbox 647 1814 723 1891; x_wconf 96' lang='lat' dir='ltr'><strong>quod</strong></span> <span class='ocrx_word' id='word_1_163' title='bbox 737 1815 889 1872; x_wconf 91' lang='lat' dir='ltr'><strong>minumum</strong></span> <span class='ocrx_word' id='word_1_164' title='bbox 905 1833 972 1873; x_wconf 91' lang='lat' dir='ltr'><strong>usus</strong></span> <span class='ocrx_word' id='word_1_165' title='bbox 986 1815 1104 1892; x_wconf 88' lang='lat' dir='ltr'><strong>deterit,</strong></span> 
     </span>
    </p>
   </div>
   <div class='ocr_carea' id='block_1_3' title="bbox 70 1895 1140 2302">
    <p class='ocr_par' dir='ltr' id='par_1_7' title="bbox 70 1895 1140 2302">
     <span class='ocr_line' id='line_1_21' title="bbox 113 1895 1140 1976; baseline 0.002 -20"><span class='ocrx_word' id='word_1_166' title='bbox 113 1915 175 1956; x_wconf 88' lang='lat' dir='ltr'><strong>curn</strong></span> <span class='ocrx_word' id='word_1_167' title='bbox 198 1908 339 1974; x_wconf 88' lang='lat' dir='ltr'><strong>argento,</strong></span> <span class='ocrx_word' id='word_1_168' title='bbox 361 1916 445 1970; x_wconf 84' lang='lat' dir='ltr'><strong>aare,</strong></span> <span class='ocrx_word' id='word_1_169' title='bbox 470 1896 586 1974; x_wconf 92' lang='lat' dir='ltr'><strong>plumbo</strong></span> <span class='ocrx_word' id='word_1_170' title='bbox 608 1897 694 1955; x_wconf 91' lang='lat' dir='ltr'><strong>liniae</strong></span> <span class='ocrx_word' id='word_1_171' title='bbox 719 1895 927 1972; x_wconf 86' lang='lat' dir='ltr'><strong>praeducantur</strong></span> <span class='ocrx_word' id='word_1_172' title='bbox 948 1915 1104 1976; x_wconf 89' lang='lat' dir='ltr'><strong>manusque</strong></span> <span class='ocrx_word' id='word_1_173' title='bbox 1114 1920 1140 1960; x_wconf 78' lang='lat' dir='ltr'><strong>ao</strong></span> 
     </span>
     <span class='ocr_line' id='line_1_22' title="bbox 70 1978 1105 2044; baseline 0.003 -7"><span class='ocrx_word' id='word_1_174' title='bbox 70 1989 100 2044; x_wconf 84' lang='lat'><strong>61</strong></span> <span class='ocrx_word' id='word_1_175' title='bbox 117 1979 287 2038; x_wconf 91' lang='lat' dir='ltr'><strong>sordescant</strong></span> <span class='ocrx_word' id='word_1_176' title='bbox 307 1978 425 2039; x_wconf 87' lang='lat' dir='ltr'><strong>decidua</strong></span> <span class='ocrx_word' id='word_1_177' title='bbox 447 1980 574 2038; x_wconf 87' lang='lat' dir='ltr'><strong>materia.</strong></span> <span class='ocrx_word' id='word_1_178' title='bbox 613 1996 667 2037; x_wconf 89' lang='lat' dir='ltr'><strong>nee</strong></span> <span class='ocrx_word' id='word_1_179' title='bbox 691 1978 767 2036; x_wconf 90' lang='lat' dir='ltr'><strong>aliud</strong></span> <span class='ocrx_word' id='word_1_180' title='bbox 792 1978 883 2037; x_wconf 90' lang='lat' dir='ltr'><strong>laxius</strong></span> <span class='ocrx_word' id='word_1_181' title='bbox 906 1979 1040 2039; x_wconf 86' lang='lat' dir='ltr'><strong>dilatatur</strong></span> <span class='ocrx_word' id='word_1_182' title='bbox 1057 1991 1105 2040; x_wconf 89' lang='lat' dir='ltr'><strong>aut</strong></span> 
     </span>
     <span class='ocr_line' id='line_1_23' title="bbox 112 2061 1103 2141; baseline 0.002 -21"><span class='ocrx_word' id='word_1_183' title='bbox 112 2064 293 2120; x_wconf 88' lang='lat' dir='ltr'><strong>numerosius</strong></span> <span class='ocrx_word' id='word_1_184' title='bbox 319 2061 471 2141; x_wconf 83' lang='lat' dir='ltr'><strong>dividitur,</strong></span> <span class='ocrx_word' id='word_1_185' title='bbox 497 2068 598 2137; x_wconf 91' lang='lat' dir='ltr'><strong>utpote</strong></span> <span class='ocrx_word' id='word_1_186' title='bbox 625 2062 705 2120; x_wconf 91' lang='lat' dir='ltr'><strong>cuius</strong></span> <span class='ocrx_word' id='word_1_187' title='bbox 732 2062 832 2120; x_wconf 90' lang='lat' dir='ltr'><strong>unciae</strong></span> <span class='ocrx_word' id='word_1_188' title='bbox 859 2063 887 2118; x_wconf 91' lang='lat' dir='ltr'><strong>in</strong></span> <span class='ocrx_word' id='word_1_189' title='bbox 915 2063 1103 2138; x_wconf 89' lang='lat' dir='ltr'><strong>septingenas</strong></span> 
     </span>
     <span class='ocr_line' id='line_1_24' title="bbox 112 2141 1104 2222; baseline 0.005 -22"><span class='ocrx_word' id='word_1_190' title='bbox 112 2145 328 2219; x_wconf 89' lang='lat' dir='ltr'><strong>quinquagenas</strong></span> <span class='ocrx_word' id='word_1_191' title='bbox 350 2142 499 2221; x_wconf 89' lang='lat' dir='ltr'><strong>plurisque</strong></span> <span class='ocrx_word' id='word_1_192' title='bbox 520 2141 648 2203; x_wconf 88' lang='lat' dir='ltr'><strong>bratteas</strong></span> <span class='ocrx_word' id='word_1_193' title='bbox 665 2152 834 2220; x_wconf 90' lang='lat' dir='ltr'><strong>quaternum</strong></span> <span class='ocrx_word' id='word_1_194' title='bbox 858 2151 982 2222; x_wconf 91' lang='lat' dir='ltr'><strong>utroque</strong></span> <span class='ocrx_word' id='word_1_195' title='bbox 1001 2144 1104 2221; x_wconf 87' lang='lat' dir='ltr'><strong>digito·</strong></span> 
     </span>
     <span class='ocr_line' id='line_1_25' title="bbox 112 2225 1104 2302; baseline 0.004 -18"><span class='ocrx_word' id='word_1_196' title='bbox 112 2243 172 2284; x_wconf 92' lang='lat' dir='ltr'><strong>rum</strong></span> <span class='ocrx_word' id='word_1_197' title='bbox 187 2233 368 2302; x_wconf 86' lang='lat' dir='ltr'><strong>spargantur.</strong></span> <span class='ocrx_word' id='word_1_198' title='bbox 404 2227 601 2286; x_wconf 88' lang='lat' dir='ltr'><strong>crassissimae</strong></span> <span class='ocrx_word' id='word_1_199' title='bbox 623 2229 714 2287; x_wconf 89' lang='lat' dir='ltr'><strong>exiis</strong></span> <span class='ocrx_word' id='word_1_200' title='bbox 736 2225 943 2287; x_wconf 88' lang='lat' dir='ltr'><strong>Praenestinae</strong></span> <span class='ocrx_word' id='word_1_201' title='bbox 964 2238 1104 2289; x_wconf 89' lang='lat' dir='ltr'><strong>vocantur</strong></span> 
     </span>
    </p>
   </div>
   <div class='ocr_carea' id='block_1_4' title="bbox 40 2310 1139 3471">
    <p class='ocr_par' dir='ltr' id='par_1_8' title="bbox 40 2310 1139 3471">
     <span class='ocr_line' id='line_1_26' title="bbox 112 2310 1139 2377; baseline 0.01 -11"><span class='ocrx_word' id='word_1_202' title='bbox 112 2310 264 2367; x_wconf 90' lang='lat' dir='ltr'><strong>etiamnum</strong></span> <span class='ocrx_word' id='word_1_203' title='bbox 291 2311 436 2369; x_wconf 91' lang='lat' dir='ltr'><strong>retinente</strong></span> <span class='ocrx_word' id='word_1_204' title='bbox 465 2327 569 2370; x_wconf 93' lang='lat' dir='ltr'><strong>nomen</strong></span> <span class='ocrx_word' id='word_1_205' title='bbox 600 2310 746 2371; x_wconf 85' lang='lat' dir='ltr'><strong>Fortunae</strong></span> <span class='ocrx_word' id='word_1_206' title='bbox 777 2313 906 2371; x_wconf 90' lang='lat' dir='ltr'><strong>inaurato</strong></span> <span class='ocrx_word' id='word_1_207' title='bbox 936 2311 1139 2377; x_wconf 75' lang='lat' dir='ltr'><strong>fidelissimeos</strong></span> 
     </span>
     <span class='ocr_line' id='line_1_27' title="bbox 69 2391 1090 2472; baseline -0.001 -19"><span class='ocrx_word' id='word_1_208' title='bbox 69 2392 153 2458; x_wconf 83' lang='lat' dir='ltr'><strong>oaibi</strong></span> <span class='ocrx_word' id='word_1_209' title='bbox 173 2391 335 2453; x_wconf 88' lang='lat' dir='ltr'><strong>simulacro.</strong></span> <span class='ocrx_word' id='word_1_210' title='bbox 373 2410 512 2472; x_wconf 90' lang='lat' dir='ltr'><strong>proxuma</strong></span> <span class='ocrx_word' id='word_1_211' title='bbox 527 2394 640 2456; x_wconf 87' lang='lat' dir='ltr'><strong>brattea</strong></span> <span class='ocrx_word' id='word_1_212' title='bbox 660 2396 826 2472; x_wconf 88' lang='lat' dir='ltr'><strong>quaestoria</strong></span> <span class='ocrx_word' id='word_1_213' title='bbox 849 2395 1020 2472; x_wconf 88' lang='lat' dir='ltr'><strong>appellatur.</strong></span> <span class='ocrx_word' id='word_1_214' title='bbox 1056 2395 1090 2453; x_wconf 92' lang='lat' dir='ltr'><strong>Hi</strong></span> 
     </span>
     <span class='ocr_line' id='line_1_28' title="bbox 112 2471 1103 2555; baseline 0.001 -20"><span class='ocrx_word' id='word_1_215' title='bbox 112 2478 211 2553; x_wconf 91' lang='lat' dir='ltr'><strong>spania</strong></span> <span class='ocrx_word' id='word_1_216' title='bbox 221 2477 350 2554; x_wconf 85' lang='lat' dir='ltr'><strong>strigiles</strong></span> <span class='ocrx_word' id='word_1_217' title='bbox 362 2480 515 2537; x_wconf 91' lang='lat' dir='ltr'><strong>vocatauri</strong></span> <span class='ocrx_word' id='word_1_218' title='bbox 529 2471 663 2555; x_wconf 87' lang='lat' dir='ltr'><strong>parvolas</strong></span> <span class='ocrx_word' id='word_1_219' title='bbox 674 2495 790 2536; x_wconf 89' lang='lat' dir='ltr'><strong>massas.</strong></span> <span class='ocrx_word' id='word_1_220' title='bbox 804 2495 893 2554; x_wconf 89' lang='lat' dir='ltr'><strong>super</strong></span> <span class='ocrx_word' id='word_1_221' title='bbox 906 2480 998 2536; x_wconf 91' lang='lat' dir='ltr'><strong>omnia</strong></span> <span class='ocrx_word' id='word_1_222' title='bbox 1010 2477 1103 2537; x_wconf 92' lang='lat' dir='ltr'><strong>solum</strong></span> 
     </span>
     <span class='ocr_line' id='line_1_29' title="bbox 40 2560 1102 2639; baseline 0.002 -21"><span class='ocrx_word' id='word_1_223' title='bbox 40 2593 48 2602; x_wconf 92' lang='lat'><strong>·</strong></span> <span class='ocrx_word' id='word_1_224' title='bbox 111 2562 140 2619; x_wconf 90' lang='lat' dir='ltr'><strong>in</strong></span> <span class='ocrx_word' id='word_1_225' title='bbox 155 2578 247 2619; x_wconf 89' lang='lat' dir='ltr'><strong>massa</strong></span> <span class='ocrx_word' id='word_1_226' title='bbox 264 2569 312 2619; x_wconf 91' lang='lat' dir='ltr'><strong>aut</strong></span> <span class='ocrx_word' id='word_1_227' title='bbox 327 2569 456 2621; x_wconf 89' lang='lat' dir='ltr'><strong>ramento</strong></span> <span class='ocrx_word' id='word_1_228' title='bbox 473 2563 592 2639; x_wconf 79' lang='lat' dir='ltr'><strong>capitur,</strong></span> <span class='ocrx_word' id='word_1_229' title='bbox 617 2580 679 2620; x_wconf 92' lang='lat' dir='ltr'><strong>cum</strong></span> <span class='ocrx_word' id='word_1_230' title='bbox 690 2570 789 2620; x_wconf 89' lang='lat' dir='ltr'><strong>cetera</strong></span> <span class='ocrx_word' id='word_1_231' title='bbox 803 2561 832 2618; x_wconf 91' lang='lat' dir='ltr'><strong>in</strong></span> <span class='ocrx_word' id='word_1_232' title='bbox 846 2560 969 2621; x_wconf 91' lang='lat' dir='ltr'><strong>metallis</strong></span> <span class='ocrx_word' id='word_1_233' title='bbox 985 2570 1102 2638; x_wconf 87' lang='lat' dir='ltr'><strong>reperta</strong></span> 
     </span>
     <span class='ocr_line' id='line_1_30' title="bbox 111 2644 1103 2722; baseline 0.002 -20"><span class='ocrx_word' id='word_1_234' title='bbox 111 2645 168 2719; x_wconf 89' lang='lat' dir='ltr'><strong>igni</strong></span> <span class='ocrx_word' id='word_1_235' title='bbox 182 2645 384 2721; x_wconf 86' lang='lat' dir='ltr'><strong>perficiantur,</strong></span> <span class='ocrx_word' id='word_1_236' title='bbox 401 2644 457 2704; x_wconf 93' lang='lat' dir='ltr'><strong>hoc</strong></span> <span class='ocrx_word' id='word_1_237' title='bbox 473 2646 567 2703; x_wconf 88' lang='lat' dir='ltr'><strong>statim</strong></span> <span class='ocrx_word' id='word_1_238' title='bbox 583 2662 678 2703; x_wconf 91' lang='lat' dir='ltr'><strong>aurum</strong></span> <span class='ocrx_word' id='word_1_239' title='bbox 694 2652 739 2703; x_wconf 89' lang='lat' dir='ltr'><strong>est</strong></span> <span class='ocrx_word' id='word_1_240' title='bbox 753 2651 1031 2722; x_wconf 88' lang='lat' dir='ltr'><strong>consummatamque</strong></span> <span class='ocrx_word' id='word_1_241' title='bbox 1047 2662 1103 2704; x_wconf 90' lang='lat' dir='ltr'><strong>ma·</strong></span> 
     </span>
     <span class='ocr_line' id='line_1_31' title="bbox 111 2726 1136 2804; baseline 0.006 -21"><span class='ocrx_word' id='word_1_242' title='bbox 111 2729 212 2784; x_wconf 86' lang='lat' dir='ltr'><strong>teriam</strong></span> <span class='ocrx_word' id='word_1_243' title='bbox 228 2744 306 2785; x_wconf 93' lang='lat' dir='ltr'><strong>suam</strong></span> <span class='ocrx_word' id='word_1_244' title='bbox 320 2729 452 2804; x_wconf 84' lang='lat' dir='ltr'><strong>protinus</strong></span> <span class='ocrx_word' id='word_1_245' title='bbox 468 2727 566 2802; x_wconf 90' lang='lat' dir='ltr'><strong>habet,</strong></span> <span class='ocrx_word' id='word_1_246' title='bbox 582 2745 644 2785; x_wconf 90' lang='lat' dir='ltr'><strong>curn</strong></span> <span class='ocrx_word' id='word_1_247' title='bbox 656 2728 694 2785; x_wconf 91' lang='lat' dir='ltr'><strong>ita</strong></span> <span class='ocrx_word' id='word_1_248' title='bbox 711 2726 862 2786; x_wconf 89' lang='lat' dir='ltr'><strong>invenitur.</strong></span> <span class='ocrx_word' id='word_1_249' title='bbox 881 2727 953 2787; x_wconf 86' lang='lat' dir='ltr'><strong>liaeo</strong></span> <span class='ocrx_word' id='word_1_250' title='bbox 970 2730 1045 2787; x_wconf 90' lang='lat' dir='ltr'><strong>enim</strong></span> <span class='ocrx_word' id='word_1_251' title='bbox 1061 2730 1136 2792; x_wconf 89' lang='lat' dir='ltr'><strong>in·ao</strong></span> 
     </span>
     <span class='ocr_line' id='line_1_32' title="bbox 68 2809 1103 2890; baseline 0.001 -20"><span class='ocrx_word' id='word_1_252' title='bbox 68 2829 91 2863; x_wconf 74' lang='lat' dir='ltr'><strong>as</strong></span> <span class='ocrx_word' id='word_1_253' title='bbox 103 2835 143 2870; x_wconf 78' lang='lat' dir='ltr'><strong>ur.</strong></span> <span class='ocrx_word' id='word_1_254' title='bbox 156 2810 255 2868; x_wconf 90' lang='lat' dir='ltr'><strong>ventio</strong></span> <span class='ocrx_word' id='word_1_255' title='bbox 272 2810 334 2868; x_wconf 90' lang='lat' dir='ltr'><strong>eius</strong></span> <span class='ocrx_word' id='word_1_256' title='bbox 351 2809 487 2868; x_wconf 89' lang='lat' dir='ltr'><strong>naturalis</strong></span> <span class='ocrx_word' id='word_1_257' title='bbox 507 2817 564 2885; x_wconf 88' lang='lat' dir='ltr'><strong>est,</strong></span> <span class='ocrx_word' id='word_1_258' title='bbox 580 2809 634 2867; x_wconf 91' lang='lat' dir='ltr'><strong>alia</strong></span> <span class='ocrx_word' id='word_1_259' title='bbox 647 2828 730 2887; x_wconf 91' lang='lat' dir='ltr'><strong>quarn</strong></span> <span class='ocrx_word' id='word_1_260' title='bbox 741 2809 867 2870; x_wconf 89' lang='lat' dir='ltr'><strong>dicemus</strong></span> <span class='ocrx_word' id='word_1_261' title='bbox 881 2819 989 2871; x_wconf 88' lang='lat' dir='ltr'><strong>coacta.</strong></span> <span class='ocrx_word' id='word_1_262' title='bbox 1014 2830 1103 2890; x_wconf 91' lang='lat' dir='ltr'><strong>super</strong></span> 
     </span>
     <span class='ocr_line' id='line_1_33' title="bbox 110 2891 1102 2972; baseline 0.006 -24"><span class='ocrx_word' id='word_1_263' title='bbox 110 2898 209 2949; x_wconf 88' lang='lat' dir='ltr'><strong>cetera</strong></span> <span class='ocrx_word' id='word_1_264' title='bbox 225 2909 281 2949; x_wconf 94' lang='lat' dir='ltr'><strong>non</strong></span> <span class='ocrx_word' id='word_1_265' title='bbox 297 2892 402 2968; x_wconf 93' lang='lat' dir='ltr'><strong>robigo</strong></span> <span class='ocrx_word' id='word_1_266' title='bbox 418 2891 494 2966; x_wconf 91' lang='lat' dir='ltr'><strong>ulla,</strong></span> <span class='ocrx_word' id='word_1_267' title='bbox 512 2909 568 2951; x_wconf 93' lang='lat' dir='ltr'><strong>non</strong></span> <span class='ocrx_word' id='word_1_268' title='bbox 584 2910 712 2969; x_wconf 88' lang='lat' dir='ltr'><strong>aerugo,</strong></span> <span class='ocrx_word' id='word_1_269' title='bbox 726 2912 783 2952; x_wconf 94' lang='lat' dir='ltr'><strong>non</strong></span> <span class='ocrx_word' id='word_1_270' title='bbox 797 2892 873 2953; x_wconf 93' lang='lat' dir='ltr'><strong>aliud</strong></span> <span class='ocrx_word' id='word_1_271' title='bbox 889 2913 927 2953; x_wconf 92' lang='lat' dir='ltr'><strong>ex</strong></span> <span class='ocrx_word' id='word_1_272' title='bbox 942 2896 1007 2971; x_wconf 90' lang='lat' dir='ltr'><strong>ipso</strong></span> <span class='ocrx_word' id='word_1_273' title='bbox 1025 2895 1102 2972; x_wconf 90' lang='lat' dir='ltr'><strong>quod</strong></span> 
     </span>
     <span class='ocr_line' id='line_1_34' title="bbox 111 2974 1103 3053; baseline 0.005 -22"><span class='ocrx_word' id='word_1_274' title='bbox 111 2982 259 3033; x_wconf 89' lang='lat' dir='ltr'><strong>consumat</strong></span> <span class='ocrx_word' id='word_1_275' title='bbox 280 2974 437 3033; x_wconf 90' lang='lat' dir='ltr'><strong>bonitatem</strong></span> <span class='ocrx_word' id='word_1_276' title='bbox 457 2976 600 3035; x_wconf 89' lang='lat' dir='ltr'><strong>minuatve</strong></span> <span class='ocrx_word' id='word_1_277' title='bbox 624 2977 745 3053; x_wconf 90' lang='lat' dir='ltr'><strong>pondus.</strong></span> <span class='ocrx_word' id='word_1_278' title='bbox 781 2977 836 3036; x_wconf 89' lang='lat' dir='ltr'><strong>iam</strong></span> <span class='ocrx_word' id='word_1_279' title='bbox 859 2986 960 3037; x_wconf 89' lang='lat' dir='ltr'><strong>contra</strong></span> <span class='ocrx_word' id='word_1_280' title='bbox 983 2977 1052 3038; x_wconf 89' lang='lat' dir='ltr'><strong>salis</strong></span> <span class='ocrx_word' id='word_1_281' title='bbox 1074 2987 1103 3037; x_wconf 86' lang='lat' dir='ltr'><strong>et</strong></span> 
     </span>
     <span class='ocr_line' id='line_1_35' title="bbox 110 3058 1132 3139; baseline 0.003 -23"><span class='ocrx_word' id='word_1_282' title='bbox 110 3058 184 3117; x_wconf 89' lang='lat' dir='ltr'><strong>aceti</strong></span> <span class='ocrx_word' id='word_1_283' title='bbox 213 3074 299 3116; x_wconf 90' lang='lat' dir='ltr'><strong>sucos</strong></span> <span class='ocrx_word' id='word_1_284' title='bbox 327 3058 486 3117; x_wconf 88' lang='lat' dir='ltr'><strong>domitores</strong></span> <span class='ocrx_word' id='word_1_285' title='bbox 509 3077 603 3118; x_wconf 89' lang='lat' dir='ltr'><strong>rerum</strong></span> <span class='ocrx_word' id='word_1_286' title='bbox 627 3062 804 3136; x_wconf 90' lang='lat' dir='ltr'><strong>constantia,</strong></span> <span class='ocrx_word' id='word_1_287' title='bbox 833 3079 979 3139; x_wconf 88' lang='lat' dir='ltr'><strong>superque</strong></span> <span class='ocrx_word' id='word_1_288' title='bbox 1008 3063 1101 3121; x_wconf 90' lang='lat' dir='ltr'><strong>omnia</strong></span> <span class='ocrx_word' id='word_1_289' title='bbox 1128 3120 1132 3126; x_wconf 79' lang='grc'><em>,</em></span> 
     </span>
     <span class='ocr_line' id='line_1_36' title="bbox 67 3140 1136 3222; baseline 0 -18"><span class='ocrx_word' id='word_1_290' title='bbox 67 3149 197 3206; x_wconf 85' lang='lat' dir='ltr'><strong>63netur</strong></span> <span class='ocrx_word' id='word_1_291' title='bbox 222 3160 254 3201; x_wconf 91' lang='lat' dir='ltr'><strong>ac</strong></span> <span class='ocrx_word' id='word_1_292' title='bbox 277 3142 384 3201; x_wconf 86' lang='lat' dir='ltr'><strong>texitur</strong></span> <span class='ocrx_word' id='word_1_293' title='bbox 411 3140 493 3201; x_wconf 92' lang='lat' dir='ltr'><strong>lanae</strong></span> <span class='ocrx_word' id='word_1_294' title='bbox 514 3141 599 3201; x_wconf 93' lang='lat' dir='ltr'><strong>modo</strong></span> <span class='ocrx_word' id='word_1_295' title='bbox 621 3143 669 3222; x_wconf 88' lang='lat' dir='ltr'><strong>vel</strong></span> <span class='ocrx_word' id='word_1_296' title='bbox 693 3145 756 3203; x_wconf 91' lang='lat' dir='ltr'><strong>sine</strong></span> <span class='ocrx_word' id='word_1_297' title='bbox 783 3143 854 3202; x_wconf 94' lang='lat' dir='ltr'><strong>lana.</strong></span> <span class='ocrx_word' id='word_1_298' title='bbox 897 3145 991 3204; x_wconf 90' lang='lat' dir='ltr'><strong>tunica</strong></span> <span class='ocrx_word' id='word_1_299' title='bbox 1014 3162 1136 3204; x_wconf 73' lang='lat' dir='ltr'><strong>auream</strong></span> 
     </span>
     <span class='ocr_line' id='line_1_37' title="bbox 110 3224 1101 3302; baseline 0.005 -20"><span class='ocrx_word' id='word_1_300' title='bbox 110 3224 299 3302; x_wconf 89' lang='lat' dir='ltr'><strong>triumphasse</strong></span> <span class='ocrx_word' id='word_1_301' title='bbox 315 3224 497 3302; x_wconf 81' lang='lat' dir='ltr'><strong>Tarquinium</strong></span> <span class='ocrx_word' id='word_1_302' title='bbox 513 3225 641 3286; x_wconf 90' lang='lat' dir='ltr'><strong>Priscum</strong></span> <span class='ocrx_word' id='word_1_303' title='bbox 655 3225 777 3286; x_wconf 89' lang='lat' dir='ltr'><strong>Verrius</strong></span> <span class='ocrx_word' id='word_1_304' title='bbox 792 3225 886 3286; x_wconf 89' lang='lat' dir='ltr'><strong>docet.</strong></span> <span class='ocrx_word' id='word_1_305' title='bbox 914 3244 966 3286; x_wconf 91' lang='lat' dir='ltr'><strong>nos</strong></span> <span class='ocrx_word' id='word_1_306' title='bbox 982 3227 1101 3287; x_wconf 90' lang='lat' dir='ltr'><strong>vidimus</strong></span> 
     </span>
     <span class='ocr_line' id='line_1_38' title="bbox 109 3306 1102 3389; baseline 0.005 -25"><span class='ocrx_word' id='word_1_307' title='bbox 109 3307 298 3386; x_wconf 79' lang='lat' dir='ltr'><strong>Agrippinam</strong></span> <span class='ocrx_word' id='word_1_308' title='bbox 312 3306 409 3369; x_wconf 83' lang='lat' dir='ltr'><strong>Claudi</strong></span> <span class='ocrx_word' id='word_1_309' title='bbox 428 3309 568 3388; x_wconf 90' lang='lat' dir='ltr'><strong>principis</strong></span> <span class='ocrx_word' id='word_1_310' title='bbox 585 3309 690 3370; x_wconf 90' lang='lat' dir='ltr'><strong>edente</strong></span> <span class='ocrx_word' id='word_1_311' title='bbox 708 3328 744 3371; x_wconf 90' lang='lat' dir='ltr'><strong>eo</strong></span> <span class='ocrx_word' id='word_1_312' title='bbox 758 3309 867 3370; x_wconf 88' lang='lat' dir='ltr'><strong>navalis</strong></span> <span class='ocrx_word' id='word_1_313' title='bbox 879 3309 974 3388; x_wconf 92' lang='lat' dir='ltr'><strong>proeli</strong></span> <span class='ocrx_word' id='word_1_314' title='bbox 989 3319 1102 3389; x_wconf 89' lang='lat' dir='ltr'><strong>specta·</strong></span> 
     </span>
     <span class='ocr_line' id='line_1_39' title="bbox 109 3391 1102 3471; baseline 0.006 -23"><span class='ocrx_word' id='word_1_315' title='bbox 109 3391 200 3450; x_wconf 90' lang='lat' dir='ltr'><strong>culum</strong></span> <span class='ocrx_word' id='word_1_316' title='bbox 216 3392 394 3452; x_wconf 85' lang='lat' dir='ltr'><strong>adsidentem</strong></span> <span class='ocrx_word' id='word_1_317' title='bbox 412 3394 439 3452; x_wconf 91' lang='lat' dir='ltr'><strong>ei</strong></span> <span class='ocrx_word' id='word_1_318' title='bbox 462 3394 585 3453; x_wconf 90' lang='lat' dir='ltr'><strong>indutam</strong></span> <span class='ocrx_word' id='word_1_319' title='bbox 602 3394 804 3471; x_wconf 87' lang='lat' dir='ltr'><strong>paludamento</strong></span> <span class='ocrx_word' id='word_1_320' title='bbox 822 3410 911 3453; x_wconf 88' lang='lat' dir='ltr'><strong>aureo</strong></span> <span class='ocrx_word' id='word_1_321' title='bbox 930 3394 1022 3453; x_wconf 88' lang='lat' dir='ltr'><strong>textili</strong></span> <span class='ocrx_word' id='word_1_322' title='bbox 1039 3396 1102 3454; x_wconf 87' lang='lat' dir='ltr'><strong>sine</strong></span> 
     </span>
    </p>
   </div>
   <div class='ocr_carea' id='block_1_5' title="bbox 0 0 1194 3840">
    <p class='ocr_par' dir='ltr' id='par_1_9' title="bbox 0 0 1194 3840">
     <span class='ocr_line' id='line_1_40' title="bbox 0 0 1194 3840; baseline 0 2"><span class='ocrx_word' id='word_1_323' title='bbox 0 0 1194 3840; x_wconf 95' lang='lat' dir='ltr'><strong> </strong></span> 
     </span>
    </p>
   </div>
  </div>
 </body>
</html>
