<?xml version="1.0" encoding="UTF-8"?>
<!DOCTYPE html PUBLIC "-//W3C//DTD XHTML 1.0 Transitional//EN"
    "http://www.w3.org/TR/xhtml1/DTD/xhtml1-transitional.dtd">
<html xmlns="http://www.w3.org/1999/xhtml" xml:lang="en" lang="en">
 <head>
  <title>
</title>
<meta http-equiv="Content-Type" content="text/html;charset=utf-8" />
  <meta name='ocr-system' content='tesseract 3.04.00' />
  <meta name='ocr-capabilities' content='ocr_page ocr_carea ocr_par ocr_line ocrx_word'/>
</head>
<body>
  <div class='ocr_page' id='page_1' title='image "./cplinisecundina05plingoog_0142.png"; bbox 0 0 2378 3840; ppageno 0'>
   <div class='ocr_carea' id='block_1_1' title="bbox 263 198 1058 276">
    <p class='ocr_par' dir='ltr' id='par_1_1' title="bbox 263 198 1058 276">
     <span class='ocr_line' id='line_1_1' title="bbox 263 198 1058 276; baseline 0.003 -19"><span class='ocrx_word' id='word_1_1' title='bbox 263 209 342 257; x_wconf 79' lang='lat' dir='ltr'><strong>unr.</strong></span> <span class='ocrx_word' id='word_1_2' title='bbox 364 209 454 257; x_wconf 81' lang='lat' dir='ltr'><strong>mer.</strong></span> <span class='ocrx_word' id='word_1_3' title='bbox 475 209 599 256; x_wconf 83' lang='lat' dir='ltr'><strong>xxxru.</strong></span> <span class='ocrx_word' id='word_1_4' title='bbox 621 207 647 263; x_wconf 84' lang='grc'><strong>7.</strong></span> <span class='ocrx_word' id='word_1_5' title='bbox 667 207 692 261; x_wconf 82' lang='grc'><strong>8.</strong></span> <span class='ocrx_word' id='word_1_6' title='bbox 717 198 865 276; x_wconf 74' lang='lat' dir='ltr'><strong>tet-41.)</strong></span> <span class='ocrx_word' id='word_1_7' title='bbox 1020 200 1058 259; x_wconf 78' lang='lat'><strong>‘25</strong></span> 
     </span>
    </p>
   </div>
   <div class='ocr_carea' id='block_1_2' title="bbox 21 359 1107 3519">
    <p class='ocr_par' dir='ltr' id='par_1_2' title="bbox 21 359 1107 3519">
     <span class='ocr_line' id='line_1_2' title="bbox 63 359 1101 442; baseline 0.003 -18"><span class='ocrx_word' id='word_1_8' title='bbox 63 359 194 442; x_wconf 83' lang='lat' dir='ltr'><strong>Namque</strong></span> <span class='ocrx_word' id='word_1_9' title='bbox 215 371 261 422; x_wconf 92' lang='lat' dir='ltr'><strong>est</strong></span> <span class='ocrx_word' id='word_1_10' title='bbox 278 363 399 424; x_wconf 90' lang='lat' dir='ltr'><strong>alterum</strong></span> <span class='ocrx_word' id='word_1_11' title='bbox 420 381 513 440; x_wconf 85' lang='lat' dir='ltr'><strong>genus</strong></span> <span class='ocrx_word' id='word_1_12' title='bbox 531 363 662 422; x_wconf 91' lang='lat' dir='ltr'><strong>omnibus</strong></span> <span class='ocrx_word' id='word_1_13' title='bbox 684 362 748 422; x_wconf 89' lang='lat' dir='ltr'><strong>iere</strong></span> <span class='ocrx_word' id='word_1_14' title='bbox 769 363 942 439; x_wconf 76' lang='lat' dir='ltr'><strong>argentariis</strong></span> <span class='ocrx_word' id='word_1_15' title='bbox 958 364 1101 430; x_wconf 81' lang='lat' dir='ltr'><strong>item-119</strong></span> 
     </span>
     <span class='ocr_line' id='line_1_3' title="bbox 65 445 1058 525; baseline 0 -19"><span class='ocrx_word' id='word_1_16' title='bbox 65 465 121 525; x_wconf 88' lang='lat' dir='ltr'><strong>que</strong></span> <span class='ocrx_word' id='word_1_17' title='bbox 142 446 309 524; x_wconf 83' lang='lat' dir='ltr'><strong>plumbariis</strong></span> <span class='ocrx_word' id='word_1_18' title='bbox 338 447 463 507; x_wconf 89' lang='lat' dir='ltr'><strong>metallis</strong></span> <span class='ocrx_word' id='word_1_19' title='bbox 486 445 563 523; x_wconf 91' lang='lat' dir='ltr'><strong>quod</strong></span> <span class='ocrx_word' id='word_1_20' title='bbox 587 446 618 504; x_wconf 91' lang='lat' dir='ltr'><strong>iit</strong></span> <span class='ocrx_word' id='word_1_21' title='bbox 642 453 746 504; x_wconf 88' lang='lat' dir='ltr'><strong>exusto</strong></span> <span class='ocrx_word' id='word_1_22' title='bbox 770 445 866 524; x_wconf 88' lang='lat' dir='ltr'><strong>lapide</strong></span> <span class='ocrx_word' id='word_1_23' title='bbox 889 447 971 506; x_wconf 88' lang='lat' dir='ltr'><strong>venis</strong></span> <span class='ocrx_word' id='word_1_24' title='bbox 993 464 1058 524; x_wconf 91' lang='lat' dir='ltr'><strong>per-</strong></span> 
     </span>
     <span class='ocr_line' id='line_1_4' title="bbox 63 528 1058 607; baseline -0.002 -18"><span class='ocrx_word' id='word_1_25' title='bbox 63 532 171 607; x_wconf 83' lang='lat' dir='ltr'><strong>mixto,</strong></span> <span class='ocrx_word' id='word_1_26' title='bbox 195 547 253 589; x_wconf 92' lang='lat' dir='ltr'><strong>non</strong></span> <span class='ocrx_word' id='word_1_27' title='bbox 270 549 308 590; x_wconf 88' lang='lat' dir='ltr'><strong>ex</strong></span> <span class='ocrx_word' id='word_1_28' title='bbox 328 530 379 589; x_wconf 94' lang='lat' dir='ltr'><strong>illo</strong></span> <span class='ocrx_word' id='word_1_29' title='bbox 402 532 482 590; x_wconf 90' lang='lat' dir='ltr'><strong>euius</strong></span> <span class='ocrx_word' id='word_1_30' title='bbox 498 530 637 589; x_wconf 83' lang='lat' dir='ltr'><strong>vomicam</strong></span> <span class='ocrx_word' id='word_1_31' title='bbox 655 537 804 607; x_wconf 86' lang='lat' dir='ltr'><strong>argentum</strong></span> <span class='ocrx_word' id='word_1_32' title='bbox 819 531 915 589; x_wconf 85' lang='lat' dir='ltr'><strong>vivom</strong></span> <span class='ocrx_word' id='word_1_33' title='bbox 932 528 1058 607; x_wconf 89' lang='lat' dir='ltr'><strong>appella·</strong></span> 
     </span>
     <span class='ocr_line' id='line_1_5' title="bbox 64 612 1107 696; baseline 0 -25"><span class='ocrx_word' id='word_1_34' title='bbox 64 615 176 689; x_wconf 85' lang='lat' dir='ltr'><strong>vimus,</strong></span> <span class='ocrx_word' id='word_1_35' title='bbox 201 649 245 659; x_wconf 92' lang='lat'>—</span> <span class='ocrx_word' id='word_1_36' title='bbox 265 615 290 672; x_wconf 94' lang='lat' dir='ltr'><strong>is</strong></span> <span class='ocrx_word' id='word_1_37' title='bbox 312 616 432 673; x_wconf 90' lang='lat' dir='ltr'><strong>enimet</strong></span> <span class='ocrx_word' id='word_1_38' title='bbox 447 616 512 691; x_wconf 91' lang='lat' dir='ltr'><strong>ipse</strong></span> <span class='ocrx_word' id='word_1_39' title='bbox 528 615 556 671; x_wconf 88' lang='lat' dir='ltr'><strong>in</strong></span> <span class='ocrx_word' id='word_1_40' title='bbox 572 621 722 690; x_wconf 83' lang='lat' dir='ltr'><strong>argentum</strong></span> <span class='ocrx_word' id='word_1_41' title='bbox 737 614 911 691; x_wconf 74' lang='lat' dir='ltr'><strong>excoquitur</strong></span> <span class='ocrx_word' id='word_1_42' title='bbox 923 644 981 688; x_wconf 84' lang='lat'><strong>-,</strong></span> <span class='ocrx_word' id='word_1_43' title='bbox 1005 612 1107 696; x_wconf 68' lang='lat' dir='ltr'><strong>cedar</strong></span> 
     </span>
     <span class='ocr_line' id='line_1_6' title="bbox 41 695 1059 774; baseline -0.005 -15"><span class='ocrx_word' id='word_1_44' title='bbox 41 715 102 759; x_wconf 80' lang='lat' dir='ltr'><strong>een</strong></span> <span class='ocrx_word' id='word_1_45' title='bbox 117 696 181 755; x_wconf 90' lang='lat' dir='ltr'><strong>aliis</strong></span> <span class='ocrx_word' id='word_1_46' title='bbox 194 697 277 756; x_wconf 91' lang='lat' dir='ltr'><strong>simul</strong></span> <span class='ocrx_word' id='word_1_47' title='bbox 289 697 424 773; x_wconf 83' lang='lat' dir='ltr'><strong>repertis.</strong></span> <span class='ocrx_word' id='word_1_48' title='bbox 447 696 565 756; x_wconf 87' lang='lat' dir='ltr'><strong>steriles</strong></span> <span class='ocrx_word' id='word_1_49' title='bbox 583 698 670 756; x_wconf 90' lang='lat' dir='ltr'><strong>etiam</strong></span> <span class='ocrx_word' id='word_1_50' title='bbox 683 695 791 774; x_wconf 86' lang='lat' dir='ltr'><strong>plumbi</strong></span> <span class='ocrx_word' id='word_1_51' title='bbox 804 695 1059 774; x_wconf 88' lang='lat' dir='ltr'><strong>deprehenduntur</strong></span> 
     </span>
     <span class='ocr_line' id='line_1_7' title="bbox 63 779 1057 857; baseline 0 -19"><span class='ocrx_word' id='word_1_52' title='bbox 63 779 127 839; x_wconf 93' lang='lat' dir='ltr'><strong>solo</strong></span> <span class='ocrx_word' id='word_1_53' title='bbox 148 780 268 856; x_wconf 90' lang='lat' dir='ltr'><strong>colore,</strong></span> <span class='ocrx_word' id='word_1_54' title='bbox 291 798 346 839; x_wconf 89' lang='lat' dir='ltr'><strong>neo</strong></span> <span class='ocrx_word' id='word_1_55' title='bbox 368 781 422 838; x_wconf 89' lang='lat' dir='ltr'><strong>uisi</strong></span> <span class='ocrx_word' id='word_1_56' title='bbox 443 781 472 838; x_wconf 88' lang='lat' dir='ltr'><strong>in</strong></span> <span class='ocrx_word' id='word_1_57' title='bbox 494 780 661 839; x_wconf 81' lang='lat' dir='ltr'><strong>fornacibus</strong></span> <span class='ocrx_word' id='word_1_58' title='bbox 687 780 878 840; x_wconf 89' lang='lat' dir='ltr'><strong>rubescentes</strong></span> <span class='ocrx_word' id='word_1_59' title='bbox 903 781 1057 857; x_wconf 86' lang='lat' dir='ltr'><strong>exustique</strong></span> 
     </span>
     <span class='ocr_line' id='line_1_8' title="bbox 62 862 1056 942; baseline 0.002 -23"><span class='ocrx_word' id='word_1_60' title='bbox 62 862 217 922; x_wconf 90' lang='lat' dir='ltr'><strong>tunduntur</strong></span> <span class='ocrx_word' id='word_1_61' title='bbox 235 865 264 921; x_wconf 94' lang='lat' dir='ltr'><strong>in</strong></span> <span class='ocrx_word' id='word_1_62' title='bbox 278 863 407 923; x_wconf 81' lang='lat' dir='ltr'><strong>larinum.</strong></span> <span class='ocrx_word' id='word_1_63' title='bbox 439 863 495 921; x_wconf 91' lang='lat' dir='ltr'><strong>hoe</strong></span> <span class='ocrx_word' id='word_1_64' title='bbox 513 872 559 921; x_wconf 91' lang='lat' dir='ltr'><strong>est</strong></span> <span class='ocrx_word' id='word_1_65' title='bbox 577 863 776 922; x_wconf 86' lang='lat' dir='ltr'><strong>secundarium</strong></span> <span class='ocrx_word' id='word_1_66' title='bbox 790 865 906 923; x_wconf 92' lang='lat' dir='ltr'><strong>minium</strong></span> <span class='ocrx_word' id='word_1_67' title='bbox 917 880 1056 942; x_wconf 89' lang='lat' dir='ltr'><strong>perquam</strong></span> 
     </span>
     <span class='ocr_line' id='line_1_9' title="bbox 62 945 1101 1022; baseline 0.007 -19"><span class='ocrx_word' id='word_1_68' title='bbox 62 947 161 1022; x_wconf 87' lang='lat' dir='ltr'><strong>paucis</strong></span> <span class='ocrx_word' id='word_1_69' title='bbox 184 954 299 1022; x_wconf 90' lang='lat' dir='ltr'><strong>notum,</strong></span> <span class='ocrx_word' id='word_1_70' title='bbox 329 945 446 1004; x_wconf 89' lang='lat' dir='ltr'><strong>multum</strong></span> <span class='ocrx_word' id='word_1_71' title='bbox 466 947 540 1004; x_wconf 87' lang='lat' dir='ltr'><strong>inira</strong></span> <span class='ocrx_word' id='word_1_72' title='bbox 561 946 698 1005; x_wconf 87' lang='lat' dir='ltr'><strong>naturalis</strong></span> <span class='ocrx_word' id='word_1_73' title='bbox 723 945 787 1005; x_wconf 89' lang='lat' dir='ltr'><strong>illas</strong></span> <span class='ocrx_word' id='word_1_74' title='bbox 809 946 941 1006; x_wconf 88' lang='lat' dir='ltr'><strong>harenas.</strong></span> <span class='ocrx_word' id='word_1_75' title='bbox 981 945 1037 1004; x_wconf 90' lang='lat' dir='ltr'><strong>hoc</strong></span> <span class='ocrx_word' id='word_1_76' title='bbox 1050 955 1101 1010; x_wconf 77' lang='lat'><strong>120</strong></span> 
     </span>
     <span class='ocr_line' id='line_1_10' title="bbox 62 1028 1057 1105; baseline 0 -19"><span class='ocrx_word' id='word_1_77' title='bbox 62 1046 135 1103; x_wconf 84' lang='lat' dir='ltr'><strong>ergo</strong></span> <span class='ocrx_word' id='word_1_78' title='bbox 151 1028 327 1087; x_wconf 89' lang='lat' dir='ltr'><strong>adulteratur</strong></span> <span class='ocrx_word' id='word_1_79' title='bbox 346 1030 460 1087; x_wconf 92' lang='lat' dir='ltr'><strong>minium</strong></span> <span class='ocrx_word' id='word_1_80' title='bbox 476 1031 505 1087; x_wconf 92' lang='lat' dir='ltr'><strong>iu</strong></span> <span class='ocrx_word' id='word_1_81' title='bbox 523 1029 646 1088; x_wconf 86' lang='lat' dir='ltr'><strong>olsrcinis</strong></span> <span class='ocrx_word' id='word_1_82' title='bbox 664 1031 825 1105; x_wconf 86' lang='lat' dir='ltr'><strong>sociorum,</strong></span> <span class='ocrx_word' id='word_1_83' title='bbox 846 1038 876 1088; x_wconf 90' lang='lat' dir='ltr'><strong>et</strong></span> <span class='ocrx_word' id='word_1_84' title='bbox 895 1029 988 1088; x_wconf 92' lang='lat' dir='ltr'><strong>ubivis</strong></span> <span class='ocrx_word' id='word_1_85' title='bbox 1005 1028 1057 1104; x_wconf 91' lang='lat' dir='ltr'><strong>Sy·</strong></span> 
     </span>
     <span class='ocr_line' id='line_1_11' title="bbox 26 1110 1100 1189; baseline 0.002 -21"><span class='ocrx_word' id='word_1_86' title='bbox 26 1131 52 1178; x_wconf 89' lang='lat'><strong>10</strong></span> <span class='ocrx_word' id='word_1_87' title='bbox 62 1112 133 1170; x_wconf 84' lang='lat' dir='ltr'><strong>rico.</strong></span> <span class='ocrx_word' id='word_1_88' title='bbox 156 1128 279 1189; x_wconf 91' lang='lat' dir='ltr'><strong>quonam</strong></span> <span class='ocrx_word' id='word_1_89' title='bbox 296 1111 381 1170; x_wconf 92' lang='lat' dir='ltr'><strong>rnodo</strong></span> <span class='ocrx_word' id='word_1_90' title='bbox 394 1110 524 1187; x_wconf 76' lang='lat' dir='ltr'><strong>Syricum</strong></span> <span class='ocrx_word' id='word_1_91' title='bbox 537 1113 584 1171; x_wconf 85' lang='lat' dir='ltr'><strong>irat</strong></span> <span class='ocrx_word' id='word_1_92' title='bbox 601 1129 654 1171; x_wconf 92' lang='lat' dir='ltr'><strong>suo</strong></span> <span class='ocrx_word' id='word_1_93' title='bbox 667 1112 733 1172; x_wconf 88' lang='lat' dir='ltr'><strong>loeo</strong></span> <span class='ocrx_word' id='word_1_94' title='bbox 752 1112 932 1188; x_wconf 89' lang='lat' dir='ltr'><strong>doeembius,</strong></span> <span class='ocrx_word' id='word_1_95' title='bbox 949 1111 1014 1170; x_wconf 88' lang='lat' dir='ltr'><strong>snb·</strong></span> <span class='ocrx_word' id='word_1_96' title='bbox 1028 1129 1062 1171; x_wconf 76' lang='lat'><strong>³⁵.</strong></span> <span class='ocrx_word' id='word_1_97' title='bbox 1075 1127 1100 1163; x_wconf 71' lang='grc' dir='ltr'><strong>ιο</strong></span> 
     </span>
     <span class='ocr_line' id='line_1_12' title="bbox 61 1193 1056 1274; baseline -0.001 -21"><span class='ocrx_word' id='word_1_98' title='bbox 61 1194 111 1253; x_wconf 90' lang='lat' dir='ltr'><strong>lini</strong></span> <span class='ocrx_word' id='word_1_99' title='bbox 128 1203 223 1254; x_wconf 90' lang='lat' dir='ltr'><strong>autem</strong></span> <span class='ocrx_word' id='word_1_100' title='bbox 235 1195 337 1271; x_wconf 82' lang='lat' dir='ltr'><strong>Syrico</strong></span> <span class='ocrx_word' id='word_1_101' title='bbox 349 1197 464 1254; x_wconf 92' lang='lat' dir='ltr'><strong>minium</strong></span> <span class='ocrx_word' id='word_1_102' title='bbox 479 1196 623 1274; x_wconf 92' lang='lat' dir='ltr'><strong>conpendi</strong></span> <span class='ocrx_word' id='word_1_103' title='bbox 645 1197 719 1255; x_wconf 89' lang='lat' dir='ltr'><strong>ratio</strong></span> <span class='ocrx_word' id='word_1_104' title='bbox 737 1197 923 1256; x_wconf 89' lang='lat' dir='ltr'><strong>demonstrat.</strong></span> <span class='ocrx_word' id='word_1_105' title='bbox 953 1193 1056 1253; x_wconf 87' lang='lat' dir='ltr'><strong>etalio</strong></span> 
     </span>
     <span class='ocr_line' id='line_1_13' title="bbox 60 1277 1057 1358; baseline 0.002 -23"><span class='ocrx_word' id='word_1_106' title='bbox 60 1278 146 1338; x_wconf 94' lang='lat' dir='ltr'><strong>modo</strong></span> <span class='ocrx_word' id='word_1_107' title='bbox 162 1280 341 1357; x_wconf 80' lang='lat' dir='ltr'><strong>pingentium</strong></span> <span class='ocrx_word' id='word_1_108' title='bbox 352 1280 430 1339; x_wconf 85' lang='lat' dir='ltr'><strong>iurto</strong></span> <span class='ocrx_word' id='word_1_109' title='bbox 446 1288 637 1358; x_wconf 90' lang='lat' dir='ltr'><strong>opportunum</strong></span> <span class='ocrx_word' id='word_1_110' title='bbox 653 1288 710 1356; x_wconf 91' lang='lat' dir='ltr'><strong>est,</strong></span> <span class='ocrx_word' id='word_1_111' title='bbox 723 1280 827 1358; x_wconf 92' lang='lat' dir='ltr'><strong>plenos</strong></span> <span class='ocrx_word' id='word_1_112' title='bbox 843 1278 965 1338; x_wconf 87' lang='lat' dir='ltr'><strong>subinde</strong></span> <span class='ocrx_word' id='word_1_113' title='bbox 978 1277 1057 1337; x_wconf 93' lang='lat' dir='ltr'><strong>ablu·</strong></span> 
     </span>
     <span class='ocr_line' id='line_1_14' title="bbox 62 1361 1054 1440; baseline -0.001 -20"><span class='ocrx_word' id='word_1_114' title='bbox 62 1363 169 1421; x_wconf 91' lang='lat' dir='ltr'><strong>eutium</strong></span> <span class='ocrx_word' id='word_1_115' title='bbox 184 1363 346 1440; x_wconf 87' lang='lat' dir='ltr'><strong>penicillos.</strong></span> <span class='ocrx_word' id='word_1_116' title='bbox 370 1363 437 1422; x_wconf 90' lang='lat' dir='ltr'><strong>sidit</strong></span> <span class='ocrx_word' id='word_1_117' title='bbox 453 1371 548 1422; x_wconf 88' lang='lat' dir='ltr'><strong>autem</strong></span> <span class='ocrx_word' id='word_1_118' title='bbox 562 1365 591 1421; x_wconf 94' lang='lat' dir='ltr'><strong>in</strong></span> <span class='ocrx_word' id='word_1_119' title='bbox 603 1381 676 1440; x_wconf 87' lang='lat' dir='ltr'><strong>aqna</strong></span> <span class='ocrx_word' id='word_1_120' title='bbox 694 1373 865 1440; x_wconf 77' lang='lat' dir='ltr'><strong>constatque</strong></span> <span class='ocrx_word' id='word_1_121' title='bbox 884 1361 1054 1421; x_wconf 87' lang='lat' dir='ltr'><strong>furantibus.</strong></span> 
     </span>
     <span class='ocr_line' id='line_1_15' title="bbox 61 1444 1097 1522; baseline 0.001 -19"><span class='ocrx_word' id='word_1_122' title='bbox 61 1444 183 1504; x_wconf 84' lang='lat' dir='ltr'><strong>Sincere</strong></span> <span class='ocrx_word' id='word_1_123' title='bbox 200 1448 279 1505; x_wconf 90' lang='lat' dir='ltr'><strong>coeci</strong></span> <span class='ocrx_word' id='word_1_124' title='bbox 293 1448 370 1506; x_wconf 92' lang='lat' dir='ltr'><strong>nitor</strong></span> <span class='ocrx_word' id='word_1_125' title='bbox 388 1465 456 1505; x_wconf 90' lang='lat' dir='ltr'><strong>esse</strong></span> <span class='ocrx_word' id='word_1_126' title='bbox 479 1447 585 1522; x_wconf 89' lang='lat' dir='ltr'><strong>debet,</strong></span> <span class='ocrx_word' id='word_1_127' title='bbox 605 1447 767 1505; x_wconf 89' lang='lat' dir='ltr'><strong>secundarii</strong></span> <span class='ocrx_word' id='word_1_128' title='bbox 786 1455 880 1505; x_wconf 89' lang='lat' dir='ltr'><strong>autem</strong></span> <span class='ocrx_word' id='word_1_129' title='bbox 898 1445 1037 1522; x_wconf 92' lang='lat' dir='ltr'><strong>splendor</strong></span> <span class='ocrx_word' id='word_1_130' title='bbox 1049 1452 1097 1506; x_wconf 80' lang='lat'><strong>121</strong></span> 
     </span>
     <span class='ocr_line' id='line_1_16' title="bbox 24 1527 1056 1606; baseline -0.001 -19"><span class='ocrx_word' id='word_1_131' title='bbox 24 1529 89 1588; x_wconf 80' lang='lat' dir='ltr'><strong>rein</strong></span> <span class='ocrx_word' id='word_1_132' title='bbox 103 1528 265 1606; x_wconf 89' lang='lat' dir='ltr'><strong>parietibus</strong></span> <span class='ocrx_word' id='word_1_133' title='bbox 282 1531 391 1587; x_wconf 88' lang='lat' dir='ltr'><strong>sentire</strong></span> <span class='ocrx_word' id='word_1_134' title='bbox 407 1531 576 1604; x_wconf 84' lang='lat' dir='ltr'><strong>imaginem,</strong></span> <span class='ocrx_word' id='word_1_135' title='bbox 593 1546 760 1605; x_wconf 91' lang='lat' dir='ltr'><strong>quamquam</strong></span> <span class='ocrx_word' id='word_1_136' title='bbox 779 1528 835 1587; x_wconf 88' lang='lat' dir='ltr'><strong>hoc</strong></span> <span class='ocrx_word' id='word_1_137' title='bbox 851 1527 956 1604; x_wconf 88' lang='lat' dir='ltr'><strong>robigo</strong></span> <span class='ocrx_word' id='word_1_138' title='bbox 970 1544 1056 1604; x_wconf 90' lang='lat' dir='ltr'><strong>quae·</strong></span> 
     </span>
     <span class='ocr_line' id='line_1_17' title="bbox 59 1609 1056 1689; baseline -0.001 -19"><span class='ocrx_word' id='word_1_139' title='bbox 59 1610 123 1670; x_wconf 88' lang='lat' dir='ltr'><strong>dam</strong></span> <span class='ocrx_word' id='word_1_140' title='bbox 137 1611 245 1670; x_wconf 87' lang='lat' dir='ltr'><strong>metalli</strong></span> <span class='ocrx_word' id='word_1_141' title='bbox 260 1620 315 1670; x_wconf 89' lang='lat' dir='ltr'><strong>est.</strong></span> <span class='ocrx_word' id='word_1_142' title='bbox 338 1610 582 1689; x_wconf 83' lang='lat' dir='ltr'><strong>sisaponensibus</strong></span> <span class='ocrx_word' id='word_1_143' title='bbox 595 1620 690 1669; x_wconf 87' lang='lat' dir='ltr'><strong>autem</strong></span> <span class='ocrx_word' id='word_1_144' title='bbox 703 1613 840 1670; x_wconf 89' lang='lat' dir='ltr'><strong>miniariis</strong></span> <span class='ocrx_word' id='word_1_145' title='bbox 855 1628 905 1669; x_wconf 88' lang='lat' dir='ltr'><strong>sna</strong></span> <span class='ocrx_word' id='word_1_146' title='bbox 922 1629 996 1671; x_wconf 88' lang='lat' dir='ltr'><strong>vena</strong></span> <span class='ocrx_word' id='word_1_147' title='bbox 1009 1609 1056 1669; x_wconf 92' lang='lat' dir='ltr'><strong>ha·</strong></span> 
     </span>
     <span class='ocr_line' id='line_1_18' title="bbox 59 1694 1055 1772; baseline -0.001 -19"><span class='ocrx_word' id='word_1_148' title='bbox 59 1712 149 1753; x_wconf 89' lang='lat' dir='ltr'><strong>renae</strong></span> <span class='ocrx_word' id='word_1_149' title='bbox 163 1695 227 1754; x_wconf 89' lang='lat' dir='ltr'><strong>sine</strong></span> <span class='ocrx_word' id='word_1_150' title='bbox 238 1702 361 1771; x_wconf 89' lang='lat' dir='ltr'><strong>argento</strong></span> <span class='ocrx_word' id='word_1_151' title='bbox 374 1694 546 1772; x_wconf 84' lang='lat' dir='ltr'><strong>excoquitur</strong></span> <span class='ocrx_word' id='word_1_152' title='bbox 558 1695 618 1752; x_wconf 90' lang='lat' dir='ltr'><strong>auri</strong></span> <span class='ocrx_word' id='word_1_153' title='bbox 634 1694 729 1752; x_wconf 93' lang='lat' dir='ltr'><strong>modo.</strong></span> <span class='ocrx_word' id='word_1_154' title='bbox 754 1694 895 1769; x_wconf 92' lang='lat' dir='ltr'><strong>probatur</strong></span> <span class='ocrx_word' id='word_1_155' title='bbox 908 1711 977 1753; x_wconf 89' lang='lat' dir='ltr'><strong>auro</strong></span> <span class='ocrx_word' id='word_1_156' title='bbox 990 1710 1055 1753; x_wconf 90' lang='lat' dir='ltr'><strong>ean·</strong></span> 
     </span>
     <span class='ocr_line' id='line_1_19' title="bbox 60 1776 1053 1854; baseline -0.004 -18"><span class='ocrx_word' id='word_1_157' title='bbox 60 1776 166 1854; x_wconf 90' lang='lat' dir='ltr'><strong>dente,</strong></span> <span class='ocrx_word' id='word_1_158' title='bbox 189 1779 315 1838; x_wconf 81' lang='lat' dir='ltr'><strong>fucatum</strong></span> <span class='ocrx_word' id='word_1_159' title='bbox 340 1779 415 1838; x_wconf 91' lang='lat' dir='ltr'><strong>enirn</strong></span> <span class='ocrx_word' id='word_1_160' title='bbox 434 1777 593 1853; x_wconf 79' lang='lat' dir='ltr'><strong>nigrescit,</strong></span> <span class='ocrx_word' id='word_1_161' title='bbox 615 1777 759 1835; x_wconf 89' lang='lat' dir='ltr'><strong>sincerum</strong></span> <span class='ocrx_word' id='word_1_162' title='bbox 782 1777 890 1835; x_wconf 89' lang='lat' dir='ltr'><strong>retinet</strong></span> <span class='ocrx_word' id='word_1_163' title='bbox 914 1776 1053 1834; x_wconf 91' lang='lat' dir='ltr'><strong>colorem.</strong></span> 
     </span>
     <span class='ocr_line' id='line_1_20' title="bbox 59 1858 1055 1938; baseline -0.004 -19"><span class='ocrx_word' id='word_1_164' title='bbox 59 1861 177 1922; x_wconf 86' lang='lat' dir='ltr'><strong>invenio</strong></span> <span class='ocrx_word' id='word_1_165' title='bbox 194 1870 224 1921; x_wconf 90' lang='lat' dir='ltr'><strong>et</strong></span> <span class='ocrx_word' id='word_1_166' title='bbox 237 1862 317 1922; x_wconf 90' lang='lat' dir='ltr'><strong>calce</strong></span> <span class='ocrx_word' id='word_1_167' title='bbox 334 1861 506 1938; x_wconf 90' lang='lat' dir='ltr'><strong>adulterari,</strong></span> <span class='ocrx_word' id='word_1_168' title='bbox 530 1878 563 1919; x_wconf 93' lang='lat' dir='ltr'><strong>ac</strong></span> <span class='ocrx_word' id='word_1_169' title='bbox 585 1858 670 1918; x_wconf 90' lang='lat' dir='ltr'><strong>simili</strong></span> <span class='ocrx_word' id='word_1_170' title='bbox 692 1860 805 1919; x_wconf 89' lang='lat' dir='ltr'><strong>ratione</strong></span> <span class='ocrx_word' id='word_1_171' title='bbox 821 1859 891 1918; x_wconf 87' lang='lat' dir='ltr'><strong>ferri</strong></span> <span class='ocrx_word' id='word_1_172' title='bbox 907 1859 1055 1917; x_wconf 87' lang='lat' dir='ltr'><strong>candentis</strong></span> 
     </span>
     <span class='ocr_line' id='line_1_21' title="bbox 23 1939 1106 2023; baseline -0.005 -14"><span class='ocrx_word' id='word_1_173' title='bbox 23 1944 161 2023; x_wconf 74' lang='lat' dir='ltr'><strong>columna,</strong></span> <span class='ocrx_word' id='word_1_174' title='bbox 178 1947 202 2005; x_wconf 93' lang='lat' dir='ltr'><strong>si</strong></span> <span class='ocrx_word' id='word_1_175' title='bbox 218 1964 276 2006; x_wconf 92' lang='lat' dir='ltr'><strong>non</strong></span> <span class='ocrx_word' id='word_1_176' title='bbox 292 1948 329 2005; x_wconf 91' lang='lat' dir='ltr'><strong>sit</strong></span> <span class='ocrx_word' id='word_1_177' title='bbox 340 1964 449 2021; x_wconf 89' lang='lat' dir='ltr'><strong>aurum,</strong></span> <span class='ocrx_word' id='word_1_178' title='bbox 465 1943 653 2022; x_wconf 85' lang='lat' dir='ltr'><strong>deprehendi.</strong></span> <span class='ocrx_word' id='word_1_179' title='bbox 676 1943 759 2002; x_wconf 89' lang='lat' dir='ltr'><strong>inlito</strong></span> <span class='ocrx_word' id='word_1_180' title='bbox 772 1943 844 2002; x_wconf 94' lang='lat' dir='ltr'><strong>solis</strong></span> <span class='ocrx_word' id='word_1_181' title='bbox 856 1950 942 2020; x_wconf 88' lang='lat' dir='ltr'><strong>atque</strong></span> <span class='ocrx_word' id='word_1_182' title='bbox 953 1939 1106 2007; x_wconf 63' lang='lat' dir='ltr'><strong>lmrae‘l&#39;ii.</strong></span> 
     </span>
     <span class='ocr_line' id='line_1_22' title="bbox 59 2024 1055 2105; baseline -0.003 -18"><span class='ocrx_word' id='word_1_183' title='bbox 59 2036 207 2090; x_wconf 88' lang='lat' dir='ltr'><strong>contactus</strong></span> <span class='ocrx_word' id='word_1_184' title='bbox 223 2032 364 2089; x_wconf 89' lang='lat' dir='ltr'><strong>inimicus.</strong></span> <span class='ocrx_word' id='word_1_185' title='bbox 393 2029 550 2089; x_wconf 88' lang='lat' dir='ltr'><strong>remedium</strong></span> <span class='ocrx_word' id='word_1_186' title='bbox 565 2035 596 2086; x_wconf 92' lang='lat' dir='ltr'><strong>ut</strong></span> <span class='ocrx_word' id='word_1_187' title='bbox 615 2029 728 2105; x_wconf 89' lang='lat' dir='ltr'><strong>pariete</strong></span> <span class='ocrx_word' id='word_1_188' title='bbox 744 2029 854 2086; x_wconf 89' lang='lat' dir='ltr'><strong>siccato</strong></span> <span class='ocrx_word' id='word_1_189' title='bbox 871 2043 938 2086; x_wconf 90' lang='lat' dir='ltr'><strong>cera</strong></span> <span class='ocrx_word' id='word_1_190' title='bbox 950 2024 1055 2084; x_wconf 88' lang='lat' dir='ltr'><strong>Punica</strong></span> 
     </span>
     <span class='ocr_line' id='line_1_23' title="bbox 58 2107 1056 2190; baseline -0.002 -22"><span class='ocrx_word' id='word_1_191' title='bbox 58 2127 121 2169; x_wconf 92' lang='lat' dir='ltr'><strong>cnm</strong></span> <span class='ocrx_word' id='word_1_192' title='bbox 140 2113 208 2172; x_wconf 94' lang='lat' dir='ltr'><strong>oleo</strong></span> <span class='ocrx_word' id='word_1_193' title='bbox 231 2114 386 2190; x_wconf 83' lang='lat' dir='ltr'><strong>liquefacta</strong></span> <span class='ocrx_word' id='word_1_194' title='bbox 407 2114 532 2172; x_wconf 90' lang='lat' dir='ltr'><strong>candens</strong></span> <span class='ocrx_word' id='word_1_195' title='bbox 550 2113 638 2171; x_wconf 89' lang='lat' dir='ltr'><strong>saetis</strong></span> <span class='ocrx_word' id='word_1_196' title='bbox 660 2112 810 2171; x_wconf 88' lang='lat' dir='ltr'><strong>inducatur</strong></span> <span class='ocrx_word' id='word_1_197' title='bbox 828 2113 989 2186; x_wconf 88' lang='lat' dir='ltr'><strong>iterumque</strong></span> <span class='ocrx_word' id='word_1_198' title='bbox 1008 2107 1056 2167; x_wconf 90' lang='lat' dir='ltr'><strong>ad·</strong></span> 
     </span>
     <span class='ocr_line' id='line_1_24' title="bbox 58 2195 1055 2274; baseline 0.002 -25"><span class='ocrx_word' id='word_1_199' title='bbox 58 2195 143 2251; x_wconf 92' lang='lat' dir='ltr'><strong>motis</strong></span> <span class='ocrx_word' id='word_1_200' title='bbox 159 2195 254 2274; x_wconf 85' lang='lat' dir='ltr'><strong>gallae</strong></span> <span class='ocrx_word' id='word_1_201' title='bbox 271 2196 445 2254; x_wconf 84' lang='lat' dir='ltr'><strong>carbonibus</strong></span> <span class='ocrx_word' id='word_1_202' title='bbox 472 2198 600 2253; x_wconf 89' lang='lat' dir='ltr'><strong>inuratur</strong></span> <span class='ocrx_word' id='word_1_203' title='bbox 615 2195 649 2254; x_wconf 93' lang='lat' dir='ltr'><strong>ad</strong></span> <span class='ocrx_word' id='word_1_204' title='bbox 666 2195 801 2254; x_wconf 89' lang='lat' dir='ltr'><strong>sudorem</strong></span> <span class='ocrx_word' id='word_1_205' title='bbox 816 2212 925 2271; x_wconf 90' lang='lat' dir='ltr'><strong>usque,</strong></span> <span class='ocrx_word' id='word_1_206' title='bbox 950 2200 1055 2270; x_wconf 89' lang='lat' dir='ltr'><strong>postea</strong></span> 
     </span>
     <span class='ocr_line' id='line_1_25' title="bbox 59 2275 1054 2356; baseline 0 -22"><span class='ocrx_word' id='word_1_207' title='bbox 59 2275 187 2334; x_wconf 90' lang='lat' dir='ltr'><strong>candelis</strong></span> <span class='ocrx_word' id='word_1_208' title='bbox 206 2277 357 2352; x_wconf 89' lang='lat' dir='ltr'><strong>subigatur</strong></span> <span class='ocrx_word' id='word_1_209' title='bbox 378 2295 411 2335; x_wconf 90' lang='lat' dir='ltr'><strong>ae</strong></span> <span class='ocrx_word' id='word_1_210' title='bbox 427 2276 531 2336; x_wconf 91' lang='lat' dir='ltr'><strong>deinde</strong></span> <span class='ocrx_word' id='word_1_211' title='bbox 546 2277 644 2336; x_wconf 90' lang='lat' dir='ltr'><strong>liuteis</strong></span> <span class='ocrx_word' id='word_1_212' title='bbox 659 2280 756 2356; x_wconf 89' lang='lat' dir='ltr'><strong>puris,</strong></span> <span class='ocrx_word' id='word_1_213' title='bbox 778 2279 852 2336; x_wconf 89' lang='lat' dir='ltr'><strong>sicut</strong></span> <span class='ocrx_word' id='word_1_214' title='bbox 868 2286 898 2335; x_wconf 91' lang='lat' dir='ltr'><strong>et</strong></span> <span class='ocrx_word' id='word_1_215' title='bbox 913 2293 1054 2335; x_wconf 90' lang='lat' dir='ltr'><strong>marmora</strong></span> 
     </span>
     <span class='ocr_line' id='line_1_26' title="bbox 23 2359 1055 2437; baseline -0.001 -20"><span class='ocrx_word' id='word_1_216' title='bbox 23 2360 213 2419; x_wconf 75' lang='lat' dir='ltr'><strong>renitescunt.</strong></span> <span class='ocrx_word' id='word_1_217' title='bbox 250 2360 297 2437; x_wconf 90' lang='lat' dir='ltr'><strong>qui</strong></span> <span class='ocrx_word' id='word_1_218' title='bbox 320 2361 434 2418; x_wconf 91' lang='lat' dir='ltr'><strong>minium</strong></span> <span class='ocrx_word' id='word_1_219' title='bbox 449 2361 478 2418; x_wconf 91' lang='lat' dir='ltr'><strong>in</strong></span> <span class='ocrx_word' id='word_1_220' title='bbox 500 2359 623 2418; x_wconf 86' lang='lat' dir='ltr'><strong>officinis</strong></span> <span class='ocrx_word' id='word_1_221' title='bbox 639 2360 753 2436; x_wconf 91' lang='lat' dir='ltr'><strong>poliunt</strong></span> <span class='ocrx_word' id='word_1_222' title='bbox 767 2360 870 2419; x_wconf 90' lang='lat' dir='ltr'><strong>laciem</strong></span> <span class='ocrx_word' id='word_1_223' title='bbox 884 2359 959 2418; x_wconf 84' lang='lat' dir='ltr'><strong>laxis</strong></span> <span class='ocrx_word' id='word_1_224' title='bbox 978 2360 1055 2417; x_wconf 88' lang='lat' dir='ltr'><strong>vesi-</strong></span> 
     </span>
     <span class='ocr_line' id='line_1_27' title="bbox 59 2440 1054 2540; baseline -0.003 -39"><span class='ocrx_word' id='word_1_225' title='bbox 59 2444 100 2501; x_wconf 88' lang='lat' dir='ltr'><strong>cis</strong></span> <span class='ocrx_word' id='word_1_226' title='bbox 117 2443 255 2521; x_wconf 86' lang='lat' dir='ltr'><strong>inligant,</strong></span> <span class='ocrx_word' id='word_1_227' title='bbox 278 2461 314 2502; x_wconf 94' lang='lat' dir='ltr'><strong>ne</strong></span> <span class='ocrx_word' id='word_1_228' title='bbox 333 2444 362 2501; x_wconf 92' lang='lat' dir='ltr'><strong>in</strong></span> <span class='ocrx_word' id='word_1_229' title='bbox 385 2440 556 2521; x_wconf 89' lang='lat' dir='ltr'><strong>respirando</strong></span> <span class='ocrx_word' id='word_1_230' title='bbox 573 2442 759 2540; x_wconf 86' lang='lat' dir='ltr'><strong>pernicialem</strong></span> <span class='ocrx_word' id='word_1_231' title='bbox 775 2441 926 2518; x_wconf 89' lang='lat' dir='ltr'><strong>pulverem</strong></span> <span class='ocrx_word' id='word_1_232' title='bbox 941 2441 1054 2499; x_wconf 89' lang='lat' dir='ltr'><strong>trahant</strong></span> 
     </span>
     <span class='ocr_line' id='line_1_28' title="bbox 59 2524 1094 2605; baseline -0.003 -20"><span class='ocrx_word' id='word_1_233' title='bbox 59 2535 201 2587; x_wconf 91' lang='lat' dir='ltr'><strong>ettamen</strong></span> <span class='ocrx_word' id='word_1_234' title='bbox 223 2535 255 2586; x_wconf 87' lang='lat' dir='ltr'><strong>nt</strong></span> <span class='ocrx_word' id='word_1_235' title='bbox 276 2526 410 2605; x_wconf 87' lang='lat' dir='ltr'><strong>perillus</strong></span> <span class='ocrx_word' id='word_1_236' title='bbox 429 2534 572 2604; x_wconf 87' lang='lat' dir='ltr'><strong>spectent</strong></span> <span class='ocrx_word' id='word_1_237' title='bbox 603 2526 718 2584; x_wconf 87' lang='lat' dir='ltr'><strong>minium</strong></span> <span class='ocrx_word' id='word_1_238' title='bbox 741 2527 769 2583; x_wconf 91' lang='lat' dir='ltr'><strong>iu</strong></span> <span class='ocrx_word' id='word_1_239' title='bbox 792 2524 963 2583; x_wconf 90' lang='lat' dir='ltr'><strong>voluminum</strong></span> <span class='ocrx_word' id='word_1_240' title='bbox 985 2540 1094 2599; x_wconf 77' lang='lat' dir='ltr'><strong>quo==¹</strong></span> 
     </span>
     <span class='ocr_line' id='line_1_29' title="bbox 58 2602 1092 2708; baseline -0.004 -41"><span class='ocrx_word' id='word_1_241' title='bbox 58 2626 114 2705; x_wconf 87' lang='lat' dir='ltr'><strong>que</strong></span> <span class='ocrx_word' id='word_1_242' title='bbox 131 2613 274 2687; x_wconf 86' lang='lat' dir='ltr'><strong>scriptura</strong></span> <span class='ocrx_word' id='word_1_243' title='bbox 290 2619 444 2708; x_wconf 88' lang='lat' dir='ltr'><strong>usurpatur</strong></span> <span class='ocrx_word' id='word_1_244' title='bbox 461 2608 661 2686; x_wconf 90' lang='lat' dir='ltr'><strong>clarioresque</strong></span> <span class='ocrx_word' id='word_1_245' title='bbox 683 2608 796 2667; x_wconf 90' lang='lat' dir='ltr'><strong>litteras</strong></span> <span class='ocrx_word' id='word_1_246' title='bbox 812 2606 905 2666; x_wconf 80' lang='lat' dir='ltr'><strong>velun</strong></span> <span class='ocrx_word' id='word_1_247' title='bbox 920 2623 990 2664; x_wconf 93' lang='lat' dir='ltr'><strong>auro</strong></span> <span class='ocrx_word' id='word_1_248' title='bbox 1006 2602 1092 2664; x_wconf 91' lang='lat' dir='ltr'><strong>vel</strong></span> <span class='ocrx_word' id='word_1_249' title='bbox 1077 2624 1090 2671; x_wconf 67' lang='lat' dir='ltr'><strong>p</strong></span> 
     </span>
     <span class='ocr_line' id='line_1_30' title="bbox 57 2691 1069 2770; baseline 0.002 -22"><span class='ocrx_word' id='word_1_250' title='bbox 57 2691 87 2748; x_wconf 90' lang='lat' dir='ltr'><strong>in</strong></span> <span class='ocrx_word' id='word_1_251' title='bbox 103 2708 246 2751; x_wconf 90' lang='lat' dir='ltr'><strong>marmore</strong></span> <span class='ocrx_word' id='word_1_252' title='bbox 264 2695 350 2752; x_wconf 89' lang='lat' dir='ltr'><strong>etiarn</strong></span> <span class='ocrx_word' id='word_1_253' title='bbox 364 2694 394 2752; x_wconf 89' lang='lat' dir='ltr'><strong>in</strong></span> <span class='ocrx_word' id='word_1_254' title='bbox 410 2693 572 2770; x_wconf 88' lang='lat' dir='ltr'><strong>sepulchris</strong></span> <span class='ocrx_word' id='word_1_255' title='bbox 592 2692 670 2752; x_wconf 87' lang='lat' dir='ltr'><strong>iacit.</strong></span> <span class='ocrx_word' id='word_1_256' title='bbox 1050 2701 1069 2741; x_wconf 66' lang='lat' dir='ltr'><em>s</em></span> 
     </span>
     <span class='ocr_line' id='line_1_31' title="bbox 23 2772 1098 2854; baseline 0.003 -21"><span class='ocrx_word' id='word_1_257' title='bbox 23 2793 48 2834; x_wconf 86' lang='lat' dir='ltr'><strong>ao</strong></span> <span class='ocrx_word' id='word_1_258' title='bbox 120 2773 149 2834; x_wconf 88' lang='lat'>8</span> <span class='ocrx_word' id='word_1_259' title='bbox 168 2775 253 2854; x_wconf 82' lang='grc'>(41.)</span> <span class='ocrx_word' id='word_1_260' title='bbox 271 2775 316 2834; x_wconf 83' lang='lat' dir='ltr'><strong>Ex</strong></span> <span class='ocrx_word' id='word_1_261' title='bbox 331 2776 500 2835; x_wconf 91' lang='lat' dir='ltr'><strong>secundario</strong></span> <span class='ocrx_word' id='word_1_262' title='bbox 517 2778 627 2835; x_wconf 90' lang='lat' dir='ltr'><strong>invenit</strong></span> <span class='ocrx_word' id='word_1_263' title='bbox 645 2777 704 2834; x_wconf 91' lang='lat' dir='ltr'><strong>vita</strong></span> <span class='ocrx_word' id='word_1_264' title='bbox 726 2782 756 2834; x_wconf 90' lang='lat' dir='ltr'><strong>et</strong></span> <span class='ocrx_word' id='word_1_265' title='bbox 775 2772 1013 2849; x_wconf 76' lang='lat' dir='ltr'><strong>hydrargyrum</strong></span> <span class='ocrx_word' id='word_1_266' title='bbox 1005 2792 1034 2832; x_wconf 92' lang='lat' dir='ltr'><strong>m</strong></span> <span class='ocrx_word' id='word_1_267' title='bbox 1046 2783 1098 2838; x_wconf 77' lang='lat'><strong>123</strong></span> 
     </span>
     <span class='ocr_line' id='line_1_32' title="bbox 56 2856 1084 2935; baseline 0.003 -22"><span class='ocrx_word' id='word_1_268' title='bbox 56 2857 150 2914; x_wconf 84' lang='lat' dir='ltr'><strong>vicem</strong></span> <span class='ocrx_word' id='word_1_269' title='bbox 171 2860 285 2933; x_wconf 90' lang='lat' dir='ltr'><strong>argenti</strong></span> <span class='ocrx_word' id='word_1_270' title='bbox 307 2859 381 2935; x_wconf 84' lang='lat' dir='ltr'><strong>vivi,</strong></span> <span class='ocrx_word' id='word_1_271' title='bbox 402 2859 488 2935; x_wconf 92' lang='lat' dir='ltr'><strong>paulo</strong></span> <span class='ocrx_word' id='word_1_272' title='bbox 511 2867 578 2918; x_wconf 89' lang='lat' dir='ltr'><strong>ante</strong></span> <span class='ocrx_word' id='word_1_273' title='bbox 602 2859 728 2918; x_wconf 90' lang='lat' dir='ltr'><strong>dilatum.</strong></span> <span class='ocrx_word' id='word_1_274' title='bbox 768 2857 800 2916; x_wconf 86' lang='lat' dir='ltr'><strong>tit</strong></span> <span class='ocrx_word' id='word_1_275' title='bbox 823 2865 918 2916; x_wconf 90' lang='lat' dir='ltr'><strong>autem</strong></span> <span class='ocrx_word' id='word_1_276' title='bbox 939 2856 1084 2916; x_wconf 76' lang='lat' dir='ltr'><strong>duobusu</strong></span> 
     </span>
     <span class='ocr_line' id='line_1_33' title="bbox 56 2936 1054 3019; baseline 0.002 -23"><span class='ocrx_word' id='word_1_277' title='bbox 56 2936 167 2997; x_wconf 91' lang='lat' dir='ltr'><strong>modis:</strong></span> <span class='ocrx_word' id='word_1_278' title='bbox 190 2941 286 2999; x_wconf 87' lang='lat' dir='ltr'><strong>aereis</strong></span> <span class='ocrx_word' id='word_1_279' title='bbox 301 2943 447 2999; x_wconf 90' lang='lat' dir='ltr'><strong>mortariis</strong></span> <span class='ocrx_word' id='word_1_280' title='bbox 465 2940 642 3019; x_wconf 88' lang='lat' dir='ltr'><strong>pistillisque</strong></span> <span class='ocrx_word' id='word_1_281' title='bbox 658 2943 727 3000; x_wconf 89' lang='lat' dir='ltr'><strong>trito</strong></span> <span class='ocrx_word' id='word_1_282' title='bbox 744 2942 832 2999; x_wconf 90' lang='lat' dir='ltr'><strong>minio</strong></span> <span class='ocrx_word' id='word_1_283' title='bbox 851 2959 889 3000; x_wconf 90' lang='lat' dir='ltr'><strong>ex</strong></span> <span class='ocrx_word' id='word_1_284' title='bbox 906 2949 989 3000; x_wconf 88' lang='lat' dir='ltr'><strong>aceto</strong></span> <span class='ocrx_word' id='word_1_285' title='bbox 1006 2949 1054 3000; x_wconf 90' lang='lat' dir='ltr'><strong>aut</strong></span> 
     </span>
     <span class='ocr_line' id='line_1_34' title="bbox 58 3022 1052 3102; baseline 0.001 -22"><span class='ocrx_word' id='word_1_286' title='bbox 58 3023 162 3100; x_wconf 90' lang='lat' dir='ltr'><strong>patinis</strong></span> <span class='ocrx_word' id='word_1_287' title='bbox 179 3022 315 3083; x_wconf 84' lang='lat' dir='ltr'><strong>fictilibus</strong></span> <span class='ocrx_word' id='word_1_288' title='bbox 331 3024 487 3102; x_wconf 90' lang='lat' dir='ltr'><strong>inpositum</strong></span> <span class='ocrx_word' id='word_1_289' title='bbox 503 3024 601 3084; x_wconf 88' lang='lat' dir='ltr'><strong>ferrea</strong></span> <span class='ocrx_word' id='word_1_290' title='bbox 617 3024 744 3100; x_wconf 90' lang='lat' dir='ltr'><strong>coneha,</strong></span> <span class='ocrx_word' id='word_1_291' title='bbox 763 3023 854 3083; x_wconf 87' lang='lat' dir='ltr'><strong>calice</strong></span> <span class='ocrx_word' id='word_1_292' title='bbox 869 3031 1052 3100; x_wconf 90' lang='lat' dir='ltr'><strong>coopertum,</strong></span> 
     </span>
     <span class='ocr_line' id='line_1_35' title="bbox 57 3105 1054 3185; baseline -0.002 -21"><span class='ocrx_word' id='word_1_293' title='bbox 57 3105 160 3182; x_wconf 87' lang='lat' dir='ltr'><strong>argilla</strong></span> <span class='ocrx_word' id='word_1_294' title='bbox 182 3106 369 3184; x_wconf 90' lang='lat' dir='ltr'><strong>superinlita,</strong></span> <span class='ocrx_word' id='word_1_295' title='bbox 390 3106 458 3166; x_wconf 93' lang='lat' dir='ltr'><strong>dein</strong></span> <span class='ocrx_word' id='word_1_296' title='bbox 480 3106 533 3167; x_wconf 90' lang='lat' dir='ltr'><strong>sub</strong></span> <span class='ocrx_word' id='word_1_297' title='bbox 556 3109 660 3185; x_wconf 90' lang='lat' dir='ltr'><strong>patinis</strong></span> <span class='ocrx_word' id='word_1_298' title='bbox 679 3124 804 3166; x_wconf 85' lang='lat' dir='ltr'><strong>accenso</strong></span> <span class='ocrx_word' id='word_1_299' title='bbox 826 3105 945 3165; x_wconf 87' lang='lat' dir='ltr'><strong>follibus</strong></span> <span class='ocrx_word' id='word_1_300' title='bbox 961 3106 1054 3165; x_wconf 90' lang='lat' dir='ltr'><strong>eonti-</strong></span> 
     </span>
     <span class='ocr_line' id='line_1_36' title="bbox 21 3189 1054 3268; baseline -0.008 -15"><span class='ocrx_word' id='word_1_301' title='bbox 21 3192 121 3253; x_wconf 73' lang='lat' dir='ltr'><strong>anuis</strong></span> <span class='ocrx_word' id='word_1_302' title='bbox 136 3191 197 3267; x_wconf 87' lang='lat' dir='ltr'><strong>igni</strong></span> <span class='ocrx_word' id='word_1_303' title='bbox 215 3198 301 3268; x_wconf 93' lang='lat' dir='ltr'><strong>atque</strong></span> <span class='ocrx_word' id='word_1_304' title='bbox 316 3191 356 3249; x_wconf 90' lang='lat' dir='ltr'><strong>ita</strong></span> <span class='ocrx_word' id='word_1_305' title='bbox 377 3190 460 3249; x_wconf 86' lang='lat' dir='ltr'><strong>calici</strong></span> <span class='ocrx_word' id='word_1_306' title='bbox 482 3189 589 3251; x_wconf 90' lang='lat' dir='ltr'><strong>sudore</strong></span> <span class='ocrx_word' id='word_1_307' title='bbox 611 3191 731 3250; x_wconf 89' lang='lat' dir='ltr'><strong>deterso</strong></span> <span class='ocrx_word' id='word_1_308' title='bbox 749 3191 796 3266; x_wconf 92' lang='lat' dir='ltr'><strong>qui</strong></span> <span class='ocrx_word' id='word_1_309' title='bbox 818 3189 850 3247; x_wconf 90' lang='lat' dir='ltr'><strong>iit</strong></span> <span class='ocrx_word' id='word_1_310' title='bbox 870 3189 984 3264; x_wconf 89' lang='lat' dir='ltr'><strong>argenti</strong></span> <span class='ocrx_word' id='word_1_311' title='bbox 1006 3203 1054 3246; x_wconf 91' lang='lat' dir='ltr'><strong>co-</strong></span> 
     </span>
     <span class='ocr_line' id='line_1_37' title="bbox 57 3270 1054 3352; baseline -0.001 -20"><span class='ocrx_word' id='word_1_312' title='bbox 57 3274 122 3333; x_wconf 91' lang='lat' dir='ltr'><strong>lore</strong></span> <span class='ocrx_word' id='word_1_313' title='bbox 145 3283 175 3333; x_wconf 89' lang='lat' dir='ltr'><strong>et</strong></span> <span class='ocrx_word' id='word_1_314' title='bbox 198 3291 289 3351; x_wconf 91' lang='lat' dir='ltr'><strong>aquae</strong></span> <span class='ocrx_word' id='word_1_315' title='bbox 312 3273 439 3351; x_wconf 88' lang='lat' dir='ltr'><strong>liquore.</strong></span> <span class='ocrx_word' id='word_1_316' title='bbox 477 3273 553 3333; x_wconf 92' lang='lat' dir='ltr'><strong>idern</strong></span> <span class='ocrx_word' id='word_1_317' title='bbox 570 3277 660 3352; x_wconf 88' lang='lat' dir='ltr'><strong>guttis</strong></span> <span class='ocrx_word' id='word_1_318' title='bbox 683 3272 770 3333; x_wconf 89' lang='lat' dir='ltr'><strong>dividi</strong></span> <span class='ocrx_word' id='word_1_319' title='bbox 789 3271 882 3332; x_wconf 84' lang='lat' dir='ltr'><strong>facilis</strong></span> <span class='ocrx_word' id='word_1_320' title='bbox 899 3280 928 3330; x_wconf 90' lang='lat' dir='ltr'><strong>et</strong></span> <span class='ocrx_word' id='word_1_321' title='bbox 943 3270 1054 3331; x_wconf 88' lang='lat' dir='ltr'><strong>lubrico</strong></span> 
     </span>
     <span class='ocr_line' id='line_1_38' title="bbox 57 3355 1098 3435; baseline 0.005 -21"><span class='ocrx_word' id='word_1_322' title='bbox 57 3375 158 3417; x_wconf 89' lang='lat' dir='ltr'><strong>umore</strong></span> <span class='ocrx_word' id='word_1_323' title='bbox 191 3357 369 3435; x_wconf 89' lang='lat' dir='ltr'><strong>conpluere,</strong></span> <span class='ocrx_word' id='word_1_324' title='bbox 402 3358 478 3435; x_wconf 93' lang='lat' dir='ltr'><strong>qnod</strong></span> <span class='ocrx_word' id='word_1_325' title='bbox 509 3374 573 3417; x_wconf 89' lang='lat' dir='ltr'><strong>cum</strong></span> <span class='ocrx_word' id='word_1_326' title='bbox 602 3376 745 3420; x_wconf 88' lang='lat' dir='ltr'><strong>venenum</strong></span> <span class='ocrx_word' id='word_1_327' title='bbox 772 3375 841 3416; x_wconf 89' lang='lat' dir='ltr'><strong>esse</strong></span> <span class='ocrx_word' id='word_1_328' title='bbox 869 3355 1098 3431; x_wconf 68' lang='lat' dir='ltr'><strong>conveniatne</strong></span> 
     </span>
     <span class='ocr_line' id='line_1_39' title="bbox 57 3439 1059 3519; baseline -0.005 -20"><span class='ocrx_word' id='word_1_329' title='bbox 57 3443 151 3500; x_wconf 91' lang='lat' dir='ltr'><strong>omnia</strong></span> <span class='ocrx_word' id='word_1_330' title='bbox 166 3459 239 3519; x_wconf 88' lang='lat' dir='ltr'><strong>quae</strong></span> <span class='ocrx_word' id='word_1_331' title='bbox 252 3441 287 3501; x_wconf 89' lang='lat' dir='ltr'><strong>de</strong></span> <span class='ocrx_word' id='word_1_332' title='bbox 302 3442 388 3500; x_wconf 91' lang='lat' dir='ltr'><strong>minio</strong></span> <span class='ocrx_word' id='word_1_333' title='bbox 405 3443 434 3501; x_wconf 93' lang='lat' dir='ltr'><strong>in</strong></span> <span class='ocrx_word' id='word_1_334' title='bbox 449 3440 609 3502; x_wconf 90' lang='lat' dir='ltr'><strong>medicinae</strong></span> <span class='ocrx_word' id='word_1_335' title='bbox 621 3462 674 3502; x_wconf 94' lang='lat' dir='ltr'><strong>usu</strong></span> <span class='ocrx_word' id='word_1_336' title='bbox 687 3440 836 3501; x_wconf 89' lang='lat' dir='ltr'><strong>traduntur</strong></span> <span class='ocrx_word' id='word_1_337' title='bbox 847 3439 1059 3499; x_wconf 70' lang='lat' dir='ltr'><strong>temerariam-</strong></span> 
     </span>
    </p>
   </div>
   <div class='ocr_carea' id='block_1_3' title="bbox 0 0 1194 3840">
    <p class='ocr_par' dir='ltr' id='par_1_3' title="bbox 0 0 1194 3840">
     <span class='ocr_line' id='line_1_40' title="bbox 0 0 1194 3840; baseline 0 1"><span class='ocrx_word' id='word_1_338' title='bbox 0 0 1194 3840; x_wconf 95' lang='lat' dir='ltr'><strong> </strong></span> 
     </span>
    </p>
   </div>
  </div>
 </body>
</html>
