2378 3840
355 227 433 275 unr.
457 227 545 276 rerer.
570 217 842 293 xxx1111.8.(19.)
1060 219 1099 278 49

98 382 225 442 Eunicus
250 391 280 442 et
300 381 464 443 Hecataeus
486 385 600 459 argenti
624 383 806 458 caelatores,
826 381 1006 456 Lesbocles,
1031 382 1101 442 Pro-

98 468 205 542 dorus,
228 465 420 544 Pythodicus,
443 467 624 544 Polygnotus
645 466 721 526 idem
744 468 875 543 pictore
897 464 1099 542 nobilissimis,

97 554 167 610 item
183 570 199 610 e
217 550 412 611 caelatoribus
433 550 631 628 Stratonicus,
651 549 789 624 Scymnus
806 546 915 608 Critiae
931 548 1097 627 discipulus.

99 633 163 713 [26]
180 633 261 694 Nunc
277 635 461 713 percensebo
483 653 536 694 eos
557 636 604 712 qui
627 632 757 693 eiusdem
776 633 896 709 generis
913 650 1003 711 opera
1018 633 1096 692 iece-
1107 643 1141 699 86

74 727 181 795 urunt,
203 727 234 776 ut
258 717 474 796 Apollodorus,
495 717 699 794 Androbulus,
722 716 971 794 Asclepiodorus,
989 717 1098 776 Aleuas

97 801 309 879 philosophos,
337 801 458 878 Apellas
483 810 512 861 et
533 803 678 861 adorantis
700 801 839 876 leminas,
869 799 1045 877 Antignotus
1069 809 1098 861 et

97 887 336 963 perixyomenum
364 885 614 962 tyrannicidasque
644 901 730 961 supra
756 884 867 960 dictos,
895 883 1094 962 Antimachus,
1107 903 1130 938 rs

96 967 304 1025 Athenodorus
315 966 436 1025 feminas
447 966 775 1042 nobilis,Aristodemus
788 976 818 1027 et
830 967 990 1027 luctatores
1002 968 1098 1044 bigas·
1162 965 1166 972 ’

98 1068 154 1126 que
170 1067 233 1107 cum
248 1049 364 1125 auriga,
381 1047 591 1126 philosophos,
604 1067 690 1126 anus,
706 1049 859 1110 Seleucum
871 1069 982 1128 regem.
1010 1051 1098 1110 habet

62 1152 86 1192 ro
97 1134 217 1209 gratiam
241 1149 319 1190 suam
340 1132 422 1191 huius
445 1149 562 1211 quoque
578 1133 770 1211 doryphorus.
812 1134 876 1214 [27]
901 1132 1093 1213 Cephisodoti
1106 1143 1139 1199 at

97 1217 153 1276 duo
173 1217 273 1275 fuere:
294 1217 402 1295 prioris
420 1225 465 1275 est
481 1215 643 1276 Mercurius
659 1217 794 1278 Liberum
808 1227 919 1297 patrem
935 1221 964 1278 in
979 1220 1097 1280 infantia

96 1302 243 1375 nutriens,
267 1300 337 1360 fecit
360 1307 390 1361 et
410 1301 630 1361 concionantem
645 1320 727 1362 manu
745 1303 838 1379 elata,
863 1321 990 1381 persona
1006 1306 1035 1363 in
1055 1306 1096 1363 in-

96 1394 178 1445 certo
198 1393 251 1443 est.
285 1404 412 1462 sequens
429 1384 623 1463 philosophos
639 1387 718 1445 lecit.
751 1384 874 1446 Colotes
890 1389 937 1464 qui
958 1406 1020 1447 cum
1032 1388 1096 1447 Phi·

96 1469 142 1528 dia
154 1469 255 1527 lovem
269 1467 431 1545 Olympium
441 1469 553 1529 iecerat
569 1469 774 1547 philosophos,
790 1472 861 1529 item
873 1468 966 1530 Cleon
979 1479 1008 1529 et
1023 1468 1096 1529 Cen·

61 1573 85 1612 15
95 1553 218 1612 chramis
242 1559 272 1610 et
289 1546 424 1609 Callicles
446 1559 476 1610 et
502 1549 609 1629 Cepis,
632 1551 862 1613 Chalcosthenes
889 1561 919 1612 et
938 1554 1095 1613 comoedos

96 1645 126 1697 et
142 1634 283 1710 athletas,
300 1634 364 1712 [28]
380 1632 509 1712 Daippus
525 1637 768 1712 perixyomenon,
784 1636 934 1714 Daiphron
949 1645 978 1696 et
993 1636 1096 1697 Damo-

95 1722 183 1780 critus
210 1726 240 1779 et
258 1718 388 1778 Daemon
411 1717 613 1796 philosophos.
658 1720 723 1797 {291
750 1719 899 1796 Epigonus
918 1721 1012 1778 omnia
1029 1722 1139 1786 fereae

94 1804 242 1882 praedicta
263 1804 389 1862 imitatus
405 1804 570 1880 praecessit
586 1803 615 1861 in
639 1803 766 1862 tubicine
781 1812 810 1862 et
824 1804 905 1860 matri
922 1803 1095 1864 interfectae

94 1889 204 1948 infante
234 1888 440 1948 miserabiliter
470 1887 646 1948 blandiente.
693 1885 799 1946 Eubuli
825 1885 928 1945 mulier
954 1885 1094 1945 admirans

59 1990 84 2030 ao
95 1971 241 2048 laudatur,
266 1971 416 2032 Eubulidis
443 1972 541 2050 digitis
563 1980 733 2050 conputans.
775 1970 839 2049 [30]
864 1968 960 2030 lllicon
977 1969 1093 2029 athletis

95 2053 261 2132 spectatur,
274 2053 458 2134 Menogenes
476 2056 633 2135 quadrigis.
665 2055 730 2134 [31]
750 2053 813 2114 Neo
830 2056 922 2114 minus
939 2053 1093 2114 Niceratus

96 2141 189 2197 omnia
206 2157 279 2215 quae
294 2143 387 2198 ceteri
409 2139 567 2216 adgressus
585 2141 819 2216 repraesentavit
838 2138 1011 2198 Alcibiaden
1028 2138 1094 2197 lam-

96 2220 257 2298 padumque
267 2238 391 2281 accensu
399 2229 518 2279 matrem
530 2223 592 2279 eius
602 2220 778 2282 Demaraten
789 2223 1006 2282 sacrificantem.
1025 2222 1089 2301 [32]
1103 2233 1137 2287 89

95 2303 244 2362 Tisicratis
266 2302 352 2380 bigae
375 2302 477 2361 Piston
500 2303 651 2362 mulierem
669 2306 813 2383 inposuit,
839 2306 915 2365 idem
932 2306 1004 2365 fecit
1021 2305 1094 2365 lllar·

59 2395 152 2448 ratem
174 2395 203 2446 et
223 2384 395 2446 Mercurium
417 2387 465 2462 qui
489 2393 554 2444 sunt
583 2387 612 2444 in
637 2385 818 2447 Concordiae
841 2388 949 2465 templo
973 2386 1092 2448 Romae.

93 2471 230 2532 Perillum
247 2487 331 2530 nemo
347 2469 445 2530 laudet
461 2471 625 2529 saeviorem
641 2469 793 2529 Phalaride
812 2479 946 2547 tyranno,
970 2473 1018 2547 qui
1034 2480 1093 2531 tau·

93 2574 154 2614 rum
176 2556 245 2615 fecit
265 2555 390 2631 mugitus
412 2553 536 2614 hominis
558 2551 705 2632 pollicitus
728 2555 788 2631 igni
804 2553 919 2612 subdito
938 2562 967 2612 et
986 2555 1093 2631 primus

94 2646 233 2714 expertus
259 2639 415 2697 cruciatum
430 2637 501 2698 'eum
524 2637 647 2697 iustiore
665 2639 795 2697 saevitia.
829 2636 914 2697 huc-a
933 2637 1093 2698 simulacris

94 2721 213 2781 deorum
228 2718 430 2799 hominumque
444 2722 640 2782 devocaverat
656 2721 885 2781 humanissimam
902 2729 1001 2780 artem.
1025 2720 1092 2782 ideo

59 2813 137 2867 cotot
161 2803 329 2863 conditores
353 2807 415 2864 eius
437 2805 642 2868 laboraverant
657 2815 687 2864 ut
704 2825 742 2866 ex
757 2824 791 2865 ea
808 2814 950 2865 tormenta
972 2805 1091 2866 tierent!

94 2891 191 2967 itaque
207 2906 262 2946 una
281 2888 318 2947 de
341 2906 425 2947 causa
449 2897 602 2948 servantur
627 2908 717 2968 opera
740 2891 819 2965 eius,
840 2897 870 2948 ut
895 2891 1025 2967 quisquis
1044 2889 1093 2949 illa

94 2971 190 3031 videat
209 2972 305 3031 oderit
325 2989 432 3031 manus.
473 2971 538 3051 {331
566 2971 700 3033 Sthennis
722 2970 876 3049 Cererem,
899 2973 1016 3049 lovem,
1038 2971 1136 3038 llll-90

94 3073 210 3115 nervam
223 3055 312 3132 fecit,
338 3055 385 3132 qui
402 3063 468 3114 sunt
482 3055 593 3115 Romae
614 3058 643 3114 in
661 3053 842 3115 Concordiae
866 3056 992 3133 templo,
1016 3055 1093 3114 idern

94 3139 191 3198 ilentis
209 3147 353 3198 matronas
370 3147 400 3199 et
416 3139 562 3199 adorantis
579 3140 833 3218 sacrificantisque.
870 3139 969 3198 Simon
992 3156 1092 3198 canem

60 3243 83 3284 ac
94 3232 123 3282 et
138 3225 318 3300 sagittarium
336 3222 417 3301 lecit,
434 3222 614 3283 Stratonicus
630 3224 759 3285 caelator
774 3223 824 3283 ille
840 3222 1046 3302 philosophos,
1059 3243 1089 3283 aa.
1100 3243 1134 3277 no

93 3324 182 3385 copas
199 3315 331 3383 uterque.
359 3306 426 3384 [34]
450 3306 573 3366 athletas
589 3316 682 3368 autem
698 3317 727 3368 et
744 3316 870 3367 armatos
887 3316 917 3366 et
931 3315 1089 3367 venatores
1101 3318 1136 3372 91

94 3390 339 3468 sacrificantisque
357 3388 466 3467 baton,
490 3390 613 3469 Euchir,
636 3391 807 3468 Glaucides,
828 3391 1021 3467 Heliodorus,
1043 3389 1090 3450 Hi·

94 3489 197 3550 oanus,
213 3473 344 3552 Iophon,
360 3472 474 3552 Lyscn,
500 3474 596 3554 Leon,
618 3474 799 3538 lllenodorus
811 3518 822 3551 ,
836 3474 987 3550 hhyagffi
997 3472 1114 3543 RQ·

134 3573 212 3616 rmnr
224 3575 290 3623 nar.
309 3576 386 3625 ursr.
403 3560 439 3622 V.
940 3557 964 3610 b
