2378 3840
369 208 450 256 nnn.
473 207 564 256 aran.
584 208 704 256 xxxvi.
725 208 751 260 5.
774 199 829 275 (a.)
1039 201 1093 261 111

98 361 230 440 piatione
250 362 405 422 admonent
429 362 534 422 aeditui
562 380 685 441 parcere
708 362 818 440 oculis,
843 371 920 423 tanta
948 365 1097 423 marmoris

97 444 219 507 radiatio
235 453 290 506 est.
322 463 381 506 non
396 447 597 524 postferuntur
620 454 651 506 et
667 444 801 506 Charites
819 448 848 506 in
864 445 991 526 propylo
1007 445 1098 506 Athe-

97 530 240 589 niensium
256 547 327 607 qnas
345 529 483 590 Socrates
505 530 576 590 fecit
590 529 663 589 alius
679 529 730 590 ille
747 548 830 608 quam
843 532 957 609 pictor,
977 529 1054 590 idem
1065 548 1140 589 aaran

96 621 128 671 nt
141 612 230 691 aliqui
244 622 352 692 putant.
369 631 433 673 nam
443 613 574 689 Myronis
587 613 664 673 illins
677 617 724 692 qui
737 616 766 672 in
775 632 844 674 aare
857 614 987 674 landatur
999 631 1068 673 anus
1077 626 1107 671 ³4.
1116 630 1138 664 ω

74 697 179 757 sebria
197 705 243 756 est
258 694 403 774 Zmyrnae
421 699 449 756 in
473 699 573 775 primis
589 696 704 759 incluta.
738 697 823 757 Polio
839 697 976 776 Asinius,
992 706 1024 756 nt
1039 697 1093 758 luit
1115 722 1139 756 as

97 782 172 841 acris
192 781 415 856 vehementiae,
438 782 481 840 sio
497 798 614 859 quoque
636 783 763 859 spectari
785 784 960 843 monimenta
981 800 1031 841 sua
1046 798 1097 840 vo-

96 863 157 923 luit.
187 866 216 923 in
233 864 278 923 his
294 872 360 924 sunt
377 861 513 923 Centauri
527 862 672 943 Nymphas
684 873 825 941 gerentes
842 865 1006 943 Arcesilae,
1022 865 1097 925 The-

97 947 215 1025 spiades
227 944 412 1023 Cleomenis,
428 945 561 1007 Oceanus
577 956 608 1006 et
622 947 755 1026 luppiter
767 947 927 1026 Heniochi,
943 948 1094 1028 Appiades

97 1029 254 1108 Stephani,
276 1028 467 1090 Hermerotes
482 1029 632 1108 Taurisci,
653 1048 710 1091 non
731 1031 888 1092 caelatoris
903 1032 980 1092 illius
997 1032 1049 1093 sed
1061 1053 1090 1096 aa,
1103 1053 1137 1086 uc

63 1111 252 1191 roTralliani,
285 1113 418 1191 luppiter
451 1113 605 1192 hospitalis
633 1112 733 1192 Papyli
762 1114 918 1176 Praxitelis
946 1116 1137 1194 discipuli,34

95 1194 205 1257 Zethus
234 1206 264 1257 et
291 1196 437 1277 Amphion
462 1216 495 1257 ac
520 1196 608 1258 Dirce
642 1205 672 1256 et
698 1206 796 1258 taurus
826 1199 1027 1278 vinculumque
1057 1219 1094 1260 ex

96 1281 200 1341 eodem
216 1281 328 1360 lapide,
344 1299 360 1342 a
376 1280 481 1342 Rhodo
497 1280 617 1342 advecta
633 1298 723 1360 opera
740 1280 891 1360 Apollonii
909 1291 939 1343 et
954 1282 1092 1343 Taurisci.

95 1373 247 1444 parentum
262 1365 290 1425 hi
309 1374 457 1426 certamen
472 1365 508 1425 de
525 1366 691 1440 sefacere,
710 1364 898 1426 Menecraten
913 1366 1006 1426 videri
1024 1385 1092 1444 pro·

95 1449 186 1525 fessi,
209 1449 261 1508 sed
277 1468 345 1508 esse
361 1449 521 1508 naturalem
537 1447 762 1508 Artemidorum.
791 1447 903 1509 Eodem
923 1450 991 1509 loco
1005 1449 1094 1509 hiber

61 1541 179 1610 sopater
194 1530 362 1607 Eutychidis
376 1531 514 1590 laudatur.
541 1531 576 1591 ad
589 1530 727 1594 Octaviae
742 1549 814 1592 vero
828 1534 969 1610 porticum
984 1531 1093 1608 Apollo

94 1614 212 1674 Philisci
224 1612 330 1674 Rhodii
343 1617 372 1673 in
383 1613 507 1674 delubro
524 1632 589 1691 suo,
604 1617 674 1674 item
685 1612 794 1674 Latona
809 1624 839 1674 et
850 1615 983 1675 Dianaet
993 1614 1093 1676 illusae

95 1716 200 1758 novem
217 1706 247 1759 et
270 1697 345 1758 alter
361 1696 471 1776 Apollo
494 1698 594 1758 nudus.
631 1716 695 1757 aum
714 1699 761 1776 qui
779 1697 916 1759 citharam
934 1701 963 1759 in
986 1698 1134 1762 eodem35

95 1781 205 1861 templo
221 1791 303 1843 tenet
318 1780 515 1842 Timarchides
529 1781 615 1858 iecit,
631 1783 706 1841 intra
722 1780 859 1842 Octaviae
873 1801 944 1843 vero
961 1785 1091 1861 porticus

95 1867 124 1926 in
146 1865 218 1926 aede
240 1866 357 1926 lunonis
381 1868 474 1944 ipsam
497 1865 578 1925 deam
601 1864 758 1942 Dionysius
788 1874 818 1925 et
837 1865 973 1943 Polycles
999 1866 1091 1943 aliam,

60 1949 241 2012 aoVenerem
267 1950 371 2011 eodem
403 1949 470 2010 loco
496 1948 656 2026 Philiscus,
685 1957 784 2009 cetera
812 1951 894 2027 signa
918 1949 1090 2009 Praxiteles.

94 2035 170 2095 idem
188 2034 324 2111 Polycles
342 2043 373 2096 et
388 2033 545 2111 Dionysius
565 2031 752 2093 Timarchidis
775 2032 850 2093 lilius
865 2035 965 2095 lovem
982 2034 1029 2111 qni
1046 2041 1092 2093 eat

94 2121 124 2178 in
140 2136 280 2197 proxuma
296 2118 369 2178 aede
381 2119 526 2193 fecerunt,
541 2116 618 2176 Pana
631 2125 661 2178 et
673 2115 824 2196 Olympum
839 2118 972 2179 luctantis
988 2118 1092 2178 eodem

94 2201 163 2261 loco
177 2199 371 2276 heliodorus,
395 2199 473 2277 quod
491 2208 537 2258 est
557 2200 678 2260 alterum
699 2203 728 2261 in
743 2204 831 2262 terris
846 2202 1025 2282 symplegma
1040 2218 1090 2260 no·
1112 2219 1134 2256 n

94 2283 170 2359 bile,
186 2282 334 2343 Venerem
349 2281 492 2341 lavantem
510 2301 578 2342 sese
593 2282 755 2362 Daedalus,
770 2286 853 2345 aliam
869 2293 992 2346 stantem
1006 2285 1091 2360 Poly·

59 2366 236 2427 aecharmns.
273 2363 319 2425 Ex
339 2363 453 2424 honore
469 2364 590 2443 adparet
610 2369 639 2426 in
654 2385 755 2443 magna
770 2366 942 2428 anctoritate
961 2368 1087 2427 habitum
1099 2375 1132 2430 36

92 2450 198 2528 Lysiae
215 2468 306 2529 opns,
331 2448 408 2529 quod
429 2448 458 2507 in
478 2447 589 2508 Palatio
612 2467 701 2526 super
723 2467 818 2509 arcum
837 2450 920 2510 diuos
938 2448 1089 2526 Angustus

92 2534 196 2595 honori
213 2533 314 2594 Octaui
336 2533 493 2612 patrissui
515 2532 620 2592 dicavit
647 2533 676 2591 in
692 2531 822 2592 aedicula
843 2532 984 2592 columnia
1008 2531 1089 2592 ador-

92 2626 173 2692 nata,
195 2618 224 2677 id
247 2625 294 2678 est
315 2617 454 2695 quadriga
471 2633 630 2693 currusque
647 2623 676 2675 et
694 2614 804 2693 Apollo
822 2633 855 2675 ac
871 2615 960 2676 Diana
979 2635 1017 2676 ex
1032 2631 1089 2674 nno

93 2700 197 2779 lapide.
225 2699 258 2761 ln
270 2699 363 2760 hortis
373 2700 544 2760 Servilianis
558 2700 677 2777 reperio
692 2698 823 2759 laudatos
838 2696 989 2759 Calamidis
999 2697 1090 2778 Apol·

55 2794 83 2840 ‘ao
93 2783 180 2845 linem
191 2782 268 2843 illins
281 2783 449 2861 caelatoris,
459 2781 625 2859 Dercylidis
635 2789 747 2861 pyctas,
760 2780 1131 2861 AmphistratiCalli·aa.1⁵⁵

94 2865 217 2928 sthenen
243 2865 429 2927 historiarum
459 2867 641 2945 scriptorem.
688 2866 752 2946 [11]
781 2864 844 2927 Nec
865 2866 969 2928 deinde
996 2866 1130 2930 multo'dl

93 2950 216 3030 plurinm
238 2950 311 3009 lama
332 2959 396 3027 eat,
421 2949 597 3029 quorundam
617 2949 741 3010 claritati
765 2951 794 3009 in
817 2950 956 3029 operibns
976 2952 1089 3011 eximiis

94 3034 231 3094 obstante
246 3050 366 3094 numero
381 3035 539 3109 artificum,
560 3034 695 3111 quoniam
716 3051 772 3094 nec
792 3052 864 3094 nnus
888 3043 1012 3114 occupat
1025 3033 1089 3111 glo·

94 3120 163 3178 riam
186 3135 240 3178 nec
261 3115 361 3196 plures
383 3119 495 3197 pariter
520 3118 677 3195 nuncupari
702 3126 842 3195 possunt,
871 3119 946 3179 sicut
968 3121 997 3178 in
1017 3117 1090 3178 Lao·

57 3209 216 3279 medonte,
239 3202 286 3279 qui
307 3210 354 3262 est
375 3200 477 3262 inliti
494 3201 794 3279 imperatorisdomo,
819 3219 893 3281 opus
912 3201 1044 3262 omnihus
1060 3208 1090 3260 et

92 3288 223 3367 picturae
244 3294 275 3346 et
296 3287 453 3346 statuariae
474 3287 545 3345 artis
575 3286 806 3364 praeferendum.
848 3303 887 3346 ex
909 3303 967 3346 uno
993 3283 1089 3363 lapide

93 3387 157 3433 cum
174 3391 208 3433 ac
223 3369 335 3430 liberos
351 3370 565 3449 draconumque
584 3370 724 3431 mirabilis
738 3388 831 3430 nexus
847 3370 884 3430 de
905 3368 1008 3430 consili
1024 3385 1090 3429 scn-

92 3456 183 3516 tentia
208 3455 310 3516 iecere
335 3456 433 3516 summi
461 3454 588 3515 artifices
610 3452 800 3533 Hagesander
823 3463 853 3514 et
874 3453 1043 3528 Polydouns
1062 3460 1101 3507 et
