2378 3840
119 190 158 252 92
465 203 496 253 c.
512 205 606 252 rnrru
621 204 771 254 sucorum

119 357 271 435 losophum
285 360 432 418 mitterent
453 358 488 417 ad
504 357 676 417 erudiendos
691 357 820 434 liberos,
840 360 909 418 item
925 360 1065 436 pictorem
1080 359 1116 418 ad

119 439 290 518 triumphum
306 440 513 517 excolendum,
531 441 726 500 Athenienses
746 438 944 501 Metrodorum
960 441 1115 518 elegerunt

119 525 247 600 professi
263 525 384 583 eundem
396 525 425 582 in
437 532 561 600 utroque
574 522 721 583 desiderio
738 526 1025 602 praestantissimum,
1038 524 1115 600 quod

79 608 178 670 latita
196 606 300 666 Paulus
322 624 438 684 quoque
464 607 608 667 iudicavit.
639 605 837 666 Timomachus
863 607 1016 683 Byzantius
1042 606 1116 668 Cae-

119 691 191 748 saris
214 688 363 749 dictatoris
386 698 482 750 aetate
497 689 624 771 'Aiacem
651 698 680 748 et
706 688 828 749 Mediam
852 692 943 768 pinxit
971 690 1006 749 ab
1028 707 1065 750 eo
1087 693 1137 749 ins

120 771 246 832 Veneris
269 771 432 832 Genetricis
454 771 527 832 aede
547 774 676 849 positas,
704 775 852 848 octoginta
875 772 991 833 talentis
1008 792 1116 832 venun-

120 853 208 913 datas.
242 854 379 914 talentum
399 852 721 922 AtticumXVitaxat
743 854 781 915 ll.
796 855 900 915 Varro.
941 855 1115 918 Timomachi

120 955 213 1014 aeque
233 937 381 998 laudantur
403 937 542 1013 Orestes,
567 937 719 1016 Iphigenia
740 941 769 997 in
790 938 890 998 Tauris
909 947 940 998 et
954 938 1115 1013 Lecythion

120 1021 258 1096 agilitatis
271 1023 459 1098 exercitator,
472 1024 607 1098 cognatio
620 1021 769 1097 nobilium,
781 1022 889 1100 palliati
901 1039 974 1099 quos
987 1020 1114 1080 dicturos

119 1106 227 1181 pinxit,
245 1104 365 1164 alterum
378 1112 511 1180 stantem,
524 1103 645 1164 alterum
661 1104 820 1164 sedentem.
847 1108 1004 1182 praecipue
1020 1114 1150 1164 tamenn

79 1195 126 1249 137
141 1190 226 1246 ursei
243 1188 351 1246 favisse
366 1189 395 1245 in
407 1185 544 1262 Gorgone
559 1189 620 1245 visa
635 1195 691 1246 ost.
704 1254 709 1262 ⁸
724 1187 787 1266 [31]
805 1188 926 1248 Pausiae
938 1189 1012 1247 filius
1029 1196 1059 1246 et
1072 1186 1115 1246 di-

120 1270 247 1345 scipulus
263 1269 428 1328 Aristolaus
448 1287 465 1328 c
485 1271 679 1328 severissimis
695 1270 855 1346 pictoribus
873 1271 937 1348 fuit,
953 1272 1032 1329 cuius
1049 1279 1114 1328 sunt

120 1349 349 1428 Epaminondas,
366 1351 512 1428 Pericles,
527 1351 622 1412 lledia
631 1396 640 1428 ,
656 1350 772 1429 Virtus,
788 1351 937 1429 Theseus,
952 1356 1046 1430 imago
1063 1353 1114 1410 At·

121 1435 195 1495 ticae
211 1435 322 1512 plebis,
345 1435 451 1494 bovom
471 1436 630 1496 inmolatio.
675 1435 745 1494 Sunt
764 1436 868 1513 quibus
884 1445 913 1495 et
927 1435 1113 1512 Nicophanes

81 1515 89 1530 ’
120 1518 377 1578 eiusdemPausiae
386 1519 543 1596 discipulus
558 1518 672 1596 placeat
685 1518 836 1596 diligentia
849 1538 931 1597 quam
942 1519 1115 1594 intellegant
1125 1537 1149 1576 rs

120 1600 176 1660 soli
195 1603 338 1678 artilices,
361 1602 432 1661 alias
449 1602 536 1662 durus
553 1603 582 1660 in
596 1602 745 1662 coloribus
767 1611 796 1662 ct
813 1602 869 1663 sile
884 1603 988 1661 multus
999 1635 1041 1647 -
1052 1619 1115 1660 nam

120 1682 258 1743 Socrates
274 1686 337 1744 iure
350 1685 481 1744 omnibus
494 1685 590 1761 placet
606 1718 656 1745 -.
680 1685 753 1744 tales
766 1694 831 1745 sunt
847 1688 909 1745 eiu's
927 1703 988 1744 cum
1005 1686 1116 1744 Aescu·

32 1794 36 1798 ·
121 1765 198 1843 lapio
220 1767 296 1826 filiae
317 1767 426 1845 llygia,
451 1768 566 1844 Aegle,
584 1768 731 1844 Panacea,
753 1767 819 1827 laso
842 1777 871 1839 et
891 1770 977 1845 piger
998 1771 1047 1845 qui
1067 1784 1116 1844 ap·

120 1850 245 1925 pellatur
258 1849 372 1926 Ocnos,
395 1859 522 1928 spartum
535 1860 674 1927 torquens
687 1850 763 1928 quod
780 1851 888 1911 asellus
904 1851 1025 1910 adrodit.
1049 1848 1113 1931 [32]

79 1942 130 1996 138
142 1932 285 1993 Hactenus
304 1932 436 1993 indicatis
453 1933 625 2010 proceribus
646 1935 675 1992 in
696 1941 819 2010 utroque
835 1953 947 2010 genere
963 1951 1021 1993 nou
1044 1932 1111 1993 sile·
1123 1947 1149 1987 ao

120 2015 225 2075 buntur
248 2025 278 2074 et
299 2017 396 2092 primis
421 2017 569 2093 proxumi:
607 2015 800 2074 Aristoclides
827 2018 874 2094 qui
900 2019 992 2094 pinxit
1015 2016 1115 2075 aedem

119 2099 265 2174 Apollinis
281 2097 412 2174 Delphis.
448 2097 614 2174 Antiphilus
635 2116 727 2175 puero
749 2101 845 2176 ignem
860 2100 1004 2159 conllante
1021 2098 1115 2158 lauda-

120 2188 166 2237 tur
182 2198 215 2238 ac
230 2179 349 2257 pulchra
364 2181 435 2240 alias
451 2180 536 2240 domo
549 2181 773 2258 splendescente
789 2184 939 2262 ipsiusque
955 2183 1038 2260 pueri
1051 2199 1115 2257 ore,

120 2264 189 2322 item
204 2262 329 2324 lanificio
341 2265 370 2322 in
383 2281 440 2342 quo
456 2274 613 2343 properant
628 2269 750 2326 omnium
766 2267 914 2326 mulierum
930 2283 1031 2344 pensa,
1048 2264 1115 2323 Pto-

120 2344 232 2406 lemaeo
249 2356 391 2424 venante,
415 2347 468 2408 sed
490 2347 670 2409 nobilissimo
691 2350 875 2425 Satyrorum
895 2349 973 2425 pelle
996 2347 1151 2424 parthe-aa

120 2429 197 2505 rina,
221 2448 306 2507 quem
327 2441 565 2509 aposcopeuonta
590 2432 747 2510 appellant.
793 2430 974 2505 Aristophon
994 2431 1116 2488 Ancaeo

120 2513 273 2572 volnerato
292 2513 328 2572 ab
344 2531 416 2592 apro
437 2531 499 2573 cum
520 2515 601 2573 socia
616 2514 726 2573 doloris
743 2512 885 2589 Astypale
902 2528 1115 2586 numerosaque

119 2594 215 2654 tabula
230 2599 259 2654 in
278 2615 331 2672 qua
347 2605 411 2656 sunt
428 2596 574 2672 Priamus,
589 2594 711 2670 Helena,
727 2592 900 2670 Credulitas,
918 2591 1032 2669 Ulixes,
1048 2592 1116 2652 Dei-

78 2687 128 2741 139
145 2678 275 2754 phebus,
296 2676 398 2737 Dolus.
432 2678 598 2738 Androbius
615 2678 706 2753 pinxit
723 2675 849 2752 Scyllum
864 2694 984 2736 ancoras
1004 2679 1116 2754 praeci-

121 2757 236 2818 dentem
250 2759 387 2820 Persicae
408 2760 529 2835 classis,
554 2758 696 2818 Artemon
717 2759 836 2818 Danaen
860 2760 1028 2819 mirantibus
1053 2775 1151 2819 eamao

119 2841 332 2917 praedonibus,
352 2844 482 2919 reginam
500 2841 702 2918 Stratonicen,
722 2841 876 2903 Herculem
894 2852 923 2903 et
940 2842 1115 2919 Deianiram,

119 2922 312 2981 nobilissimas
329 2932 441 3000 autem,
463 2941 536 3001 quae
552 2931 616 2982 sunt
632 2926 661 2983 in
676 2923 814 2986 Octaviae
829 2927 985 3004 operibus,
1008 2925 1116 2985 llercu·

119 3006 175 3066 lem
191 3006 226 3065 ab
238 3005 312 3065 Oeta
326 3015 423 3066 moute
433 3006 560 3066 Doridos
574 3016 676 3066 exusta
691 3009 866 3069 mortalitate
882 3028 1028 3069 consensu
1045 3008 1114 3067 deo·

120 3109 181 3149 rum
195 3092 224 3149 in
240 3089 354 3149 coelum
366 3099 497 3167 euntem,
522 3089 726 3152 Laomedontis
746 3094 823 3152 circa
839 3092 992 3153 herculem
1014 3100 1043 3151 et
1057 3090 1115 3149 Ne·

119 3182 235 3250 ptunum
257 3169 416 3233 historiam.
455 3173 633 3234 Alcimachus
662 3174 855 3255 Dioxippum,
888 3178 935 3254 qui
965 3175 1149 3253 pancratiott

118 3255 249 3335 Olympia
270 3259 341 3316 citra
364 3257 493 3336 pulveris
516 3259 636 3333 iactum,
666 3259 743 3335 quod
757 3267 861 3319 vocant
882 3261 1006 3336 aconiti,
1035 3259 1113 3330 vicit,

76 3350 127 3403 140
142 3339 258 3400 Coenus
274 3349 431 3401 stemmata.
451 3340 516 3420 133]
532 3338 716 3401 Ctesilocbus
731 3342 846 3420 Apellis
862 3342 1018 3420 discipulus
1032 3349 1114 3420 petu-

110 3422 186 3481 lanti
197 3425 314 3500 pictura
334 3426 475 3502 innotuit,
499 3424 568 3484 love
584 3423 719 3484 Liberum
734 3428 913 3504 parturiente
928 3425 1044 3502 depicto
1063 3425 1113 3482 rni-
