2378 3840
270 189 351 237 unu.
367 187 458 236 rursu.
476 189 581 236 xxxv.
600 186 720 241 13-15.
739 173 889 256 (lt-co.)
1021 185 1063 248 99

54 352 135 404 teres
152 343 199 420 qui
223 343 322 404 siccati
345 360 403 402 non
425 350 594 420 merguntur
608 345 637 402 in
652 360 733 421 aqua.
765 351 832 402 sunt
852 343 927 403 enim
944 363 960 402 e
978 351 1056 402 terra

54 429 219 505 pumicosa,
245 445 307 487 cum
332 427 430 504 subigi
448 434 564 504 potest,
588 427 749 486 utilissima.
781 425 884 486 Graeci
907 434 1100 505 praeter-172

55 528 138 588 quam
155 510 204 569 ubi
226 530 242 571 e
266 510 349 571 silice
365 510 428 570 lieri
446 518 563 588 poterat
578 518 739 587 structura,
762 509 911 571 latericios
927 511 1056 589 parietes

56 593 235 670 praetulere.
279 603 345 654 sunt
367 595 441 653 enim
462 595 591 670 aeterni,
614 596 638 653 si
661 593 696 653 ad
718 595 955 673 perpendiculum
978 595 1056 654 liant.

33 677 123 746 eideo
140 686 170 738 et
186 678 301 756 publica
317 695 408 756 opera
430 686 460 737 et
478 679 576 754 regias
596 677 697 738 domos
716 680 758 739 sic
774 687 927 756 struxere,
948 695 1058 737 murum

55 761 179 822 Athenis
198 765 245 840 qui
261 761 296 822 ad
307 769 434 822 montem
445 760 610 837 Hymettum
625 770 754 842 spectat,
772 761 866 822 Patris
885 762 966 823 aedis
978 761 1057 821 lovis

56 854 86 905 et
100 845 250 924 Herculis,
267 847 395 923 quamvis
416 845 544 924 lapideas
561 846 707 906 columnas
730 854 762 906 ct
782 847 918 925 epistylia
938 847 1056 907 circum-

55 929 167 1006 darent,
186 929 299 989 domum
306 928 450 989 Trallibus
467 931 577 1006 regiam
584 930 687 1008 Attali,
703 932 772 989 item
784 930 922 990 Sardibus
937 927 1054 1003 Croesi,

56 1031 139 1091 quam
152 1015 289 1089 gerusian
307 1014 423 1089 iecere,
441 1012 619 1073 Halicarnasi
633 1013 773 1091 lllausoli,
789 1032 863 1092 quae
882 1015 1057 1074 etiamnunc

21 1120 45 1159 ro
56 1095 165 1155 durant.
201 1094 419 1156 Lacedaemone
441 1096 556 1175 quidem
571 1097 710 1157 latericiis
726 1097 887 1177 parietibus
905 1098 1034 1157 excisum
1046 1105 1097 1159 173

57 1196 129 1257 opus
153 1181 305 1239 tectorium
320 1189 443 1258 propter
461 1180 664 1241 excellentiam
679 1183 809 1258 picturae
828 1181 934 1258 ligneis
955 1180 1055 1238 formis

55 1262 319 1323 inclusumRomam
336 1263 531 1343 deportavere
547 1267 576 1324 in
591 1264 740 1325 aedilitate
757 1264 792 1324 ad
808 1267 954 1325 comitium
969 1280 1055 1323 exor-

55 1346 176 1406 nandum
196 1346 315 1407 lllurena
335 1356 365 1407 et
386 1347 492 1408 Varro.
542 1367 605 1407 cum
627 1366 700 1427 opus
718 1366 772 1427 per
789 1368 822 1410 se
842 1351 942 1407 mirum
965 1354 1058 1422 esset,

56 1430 187 1490 tralatum
202 1439 297 1490 tamen
311 1433 402 1507 magis
417 1432 601 1491 mirabantur.
640 1434 669 1491 in
683 1432 765 1491 Italia
779 1449 894 1509 quoque
910 1431 1059 1490 latericius

21 1537 46 1577 15
55 1532 151 1572 murus
168 1512 268 1572 Arreti
288 1522 317 1572 et
336 1512 487 1574 Mevaniae
503 1523 559 1574 est.
592 1513 702 1574 Romae
719 1533 776 1574 non
794 1516 865 1574 liunt
880 1514 947 1574 talia
962 1513 1059 1573 aedili-

56 1597 116 1672 cia,
133 1598 199 1672 quia
216 1596 430 1675 sesquipedalis
443 1600 541 1675 paries
556 1615 613 1657 non
630 1598 694 1676 plus
712 1617 794 1676 quam
811 1616 893 1657 unam
910 1598 1058 1673 contigna-

57 1680 164 1739 tionem
181 1679 299 1756 tolerat,
312 1688 483 1758 cautumque
498 1690 545 1740 est
563 1700 599 1740 ne
614 1683 771 1742 communis
784 1683 912 1743 crassior
927 1683 986 1758 liat,
1005 1697 1059 1739 nec

56 1763 299 1840 intergerivorum
315 1766 389 1823 ratio
405 1767 521 1841 patitur.

122 1847 170 1906 15.
186 1847 269 1925 (50.)
287 1846 366 1908 llaec
382 1849 439 1907 sint
454 1849 530 1909 dicta
546 1849 582 1909 de
600 1849 748 1908 lateribus.
781 1849 814 1908 lu
829 1858 925 1909 terrac
944 1858 1037 1908 autem
1051 1855 1102 1913 174

21 1949 46 1990 no
56 1930 177 2008 reliquis
193 1932 352 2008 generibus
368 1932 416 1992 vel
430 1951 561 1993 maxume
577 1935 647 1992 mira
661 1941 761 1992 natura
777 1941 823 1993 est
839 1933 982 2009 sulpuris,
1000 1950 1057 2010 quo

56 2013 185 2092 pluruma
201 2015 360 2077 domantur.
398 2018 525 2077 nascitur
542 2019 571 2077 in
585 2017 687 2076 insulis
703 2016 818 2077 Aeoliis
840 2018 916 2076 inter
932 2016 1058 2077 Siciliam

57 2105 87 2157 et
100 2098 210 2158 ltaliam
226 2117 296 2176 quas
312 2100 415 2160 ardere
431 2101 570 2178 diximus,
587 2101 639 2161 sed
654 2101 864 2161 nobilissimum
879 2101 908 2162 in
922 2100 1001 2162 lilelo
1014 2123 1031 2162 s,
1044 2122 1101 2165 aaa·

56 2181 158 2240 insula.
188 2181 221 2240 ln
236 2182 318 2241 Italia
332 2201 448 2260 quoque
463 2186 626 2261 invenitur,
644 2187 674 2243 iu
689 2184 884 2264 Neapolitano
900 2184 1059 2263 Campano-

58 2282 114 2341 que
135 2281 224 2342 agro,
246 2264 370 2324 collibus
392 2267 439 2342 qui
455 2276 597 2326 vocantur
612 2266 785 2344 Leucogaei.
821 2269 861 2328 ibi
884 2288 900 2329 e
919 2267 1058 2329 cuniculis

22 2346 197 2410 asellossum
213 2347 361 2425 perlinitur
384 2349 453 2425 igni.
500 2347 613 2408 Genera
637 2359 787 2426 quattuor:
816 2353 931 2428 vivom,
962 2349 1102 2430 quodlib

59 2429 162 2490 Graeci
177 2449 288 2510 apyron
304 2440 425 2508 vocant,
442 2433 569 2492 nascitur
585 2432 724 2510 solidum,
738 2432 795 2493 hoc
810 2441 856 2493 est
867 2433 981 2510 glaeba.
1013 2450 1059 2491 so-

57 2515 114 2575 lum
131 2549 173 2560 -
189 2524 288 2576 cetera
310 2517 384 2575 enim
399 2516 514 2594 liquore
530 2523 664 2576 constant
680 2525 710 2576 et
726 2517 916 2577 coniiciuntur
933 2517 1001 2577 oleo
1018 2517 1059 2575 in·

58 2607 142 2658 cocta
172 2633 209 2644 -
240 2601 337 2676 vivom
364 2600 499 2660 elloditur
526 2600 708 2678 tralucetque
741 2609 772 2658 et
797 2601 889 2677 viret,
921 2599 986 2660 solo
1022 2618 1060 2658 ex

59 2682 190 2742 omnibus
205 2683 364 2758 generibus
382 2684 485 2745 medici
501 2692 624 2745 utuntur.
655 2683 777 2744 alterum
798 2701 892 2760 genus
913 2682 1060 2762 appellant

23 2764 207 2842 coglaebam,
232 2765 372 2826 fullonum
391 2776 498 2828 tantum
514 2768 638 2828 cilicinis
654 2767 804 2828 familiare.
837 2768 926 2827 tertio
942 2784 1058 2846 quoque

58 2851 161 2925 generi
177 2845 249 2911 unus
271 2858 378 2910 tantum
405 2860 450 2911 est
473 2870 541 2911 usus
564 2851 598 2911 ad
618 2852 697 2912 lanas
719 2850 892 2929 suffiendas,
925 2853 1060 2930 quoniam

59 2932 213 2993 candorem
228 2942 334 2994 tantum
349 2934 555 3013 mollitiamque
573 2937 688 2996 confert
702 2969 742 2981 —
759 2935 845 3013 egula
866 2944 988 2996 vocatur
1003 2935 1060 2995 boc

59 3035 151 3093 genus
165 3050 223 3095 —,
254 3026 357 3097 quarto
380 3025 474 3079 autem
497 3019 531 3077 ad
552 3018 694 3095 ellychnia
715 3038 846 3079 maxume
870 3018 1058 3079 conficienda.

59 3109 161 3161 cetero
177 3109 254 3162 tanta
276 3103 320 3161 vis
341 3111 432 3163 estut
447 3102 566 3162 morbos
578 3103 731 3162 comitialis
744 3102 942 3182 deprehendat
956 3100 1058 3161 nidore

24 3187 214 3265 eciupositum
229 3188 298 3264 igni.
339 3187 408 3246 lusit
425 3195 455 3246 et
470 3185 627 3247 Anaxilaus
644 3205 681 3248 eo
697 3186 804 3248 addens
822 3189 851 3245 in
867 3185 985 3246 calicem
1000 3185 1059 3243 vini

59 3288 208 3351 prunaque
224 3271 338 3331 subdita
353 3271 560 3332 circumferens
575 3271 792 3332 exardescentis
805 3287 983 3349 repercussu
999 3267 1058 3347 pnl-

58 3353 153 3416 lcrem
164 3355 255 3415 dirum
267 3354 348 3415 uelut
359 3355 559 3416 defunctorum
570 3356 764 3418 effundentem
775 3355 915 3415 convivis.
934 3351 1103 3417 Naturattb

60 3439 123 3499 eius
141 3439 310 3518 excalfacit,
334 3441 505 3518 concoquit,
528 3441 579 3502 sed
601 3450 631 3502 et
646 3441 763 3501 discutit
785 3439 983 3500 collectiones
997 3454 1066 3493 ccx-

869 3518 913 3582 -qt's
