2378 3840
119 154 178 216 138
468 165 497 212 c.
521 164 618 212 rnrur
639 163 789 213 secunnr

116 321 289 381 cicatricem.
326 319 431 380 luxatis
459 336 576 398 quoque
605 337 668 378 cum
694 317 801 395 liquida
829 320 927 381 resina
951 329 999 380 aut
1031 319 1118 399 adipe

116 403 202 464 suillo
218 421 257 464 cx
274 403 361 464 melle
378 402 526 480 medetur,
543 403 645 463 eadem
662 404 868 479 conpositione
884 413 914 464 et
929 404 1056 464 strumis.

74 501 122 554 181
196 487 281 566 (58.)
304 486 411 547 lllaltha
438 507 455 548 e
481 487 561 547 calce
585 487 617 547 lit
635 487 756 546 recenti.
792 486 898 564 glaeba
920 490 988 548 vino
1010 489 1118 549 restin-

114 573 230 650 guitur,
252 588 320 630 mox
342 572 470 631 tunditur
491 590 554 630 cum
571 571 656 648 adipe
675 569 761 630 suillo
778 579 809 630 et
829 571 901 649 lico,
923 571 1029 651 duplici
1044 572 1117 632 leni·

114 663 230 732 mento,
255 672 329 732 quae
351 674 400 714 res
417 656 541 716 omnium
556 656 739 715 tenacissima
754 662 784 714 et
801 653 933 716 duritiam
947 655 1050 735 lapidis
1068 673 1141 718 an·⁵

114 738 264 800 tecedens.
300 738 377 817 quod
393 738 544 799 malthatur
559 738 627 799 oleo
647 738 821 816 perfricatur
837 748 915 800 ante.

73 833 123 889 182
201 823 284 900 (59.)
300 820 432 899 Cognata
446 822 518 883 calci
534 842 582 883 res
594 839 718 901 gypsum
729 830 785 883 est.
815 823 897 899 plura
915 825 978 884 eins
992 841 1115 900 genera.

114 925 178 966 nam
195 914 225 966 et
240 925 256 966 e
274 905 369 983 lapide
387 908 539 985 coquitur,
561 914 591 965 ut
607 908 637 965 in
655 904 738 982 Syria
753 924 787 965 ac
802 904 937 984 Thuriis,
953 914 983 967 et
999 926 1015 966 e
1036 915 1116 967 terra

113 990 239 1067 foditur,
265 992 346 1048 utin
373 989 472 1069 Cypro
496 1009 529 1050 ac
552 989 748 1066 Perrhaebia,
779 1008 795 1049 e
819 1009 926 1050 summa
950 990 1055 1050 tellure
1085 999 1115 1051 et

114 1072 319 1152 Tymphaicum
335 1083 388 1134 est.
418 1076 467 1153 qui
484 1075 617 1152 coquitur
632 1073 706 1151 lapis
728 1091 786 1133 non
801 1073 948 1135 dissimilis
964 1073 1114 1134 alabastri·
1125 1096 1151 1136 ro

114 1166 160 1216 tae
184 1176 252 1217 esse
277 1157 367 1218 dehet
388 1166 437 1216 aut
457 1174 646 1217 marmoroso.
683 1159 713 1216 in
736 1156 820 1233 Syria
841 1158 1011 1218 durissimos
1028 1158 1063 1218 ad
1085 1158 1114 1218 id

113 1240 225 1316 eligunt
254 1249 418 1319 cocuntque
446 1258 508 1300 cum
533 1241 599 1300 limo
624 1239 748 1317 bubulo,
777 1249 807 1300 ut
834 1243 960 1302 celerius
984 1249 1111 1301 urantur.

113 1325 238 1383 omnium
253 1331 348 1383 autenr
365 1333 511 1402 optumum
529 1323 592 1383 lieri
614 1331 787 1400 conpertum
802 1333 848 1385 est
864 1345 880 1385 e
897 1325 992 1404 lapide
1008 1342 1113 1403 specu-

72 1418 123 1474 183
135 1407 187 1466 lari
209 1424 391 1485 squamamve
407 1407 494 1468 talem
509 1407 645 1468 habente.
676 1405 776 1487 Gypso
791 1409 903 1470 madido
920 1411 1015 1469 statim
1030 1415 1112 1467 uten-

113 1492 257 1568 tumeat,
283 1493 417 1569 quoniam
432 1493 586 1552 celerrime
607 1492 683 1568 coit,
705 1499 801 1552 tamen
817 1512 917 1553 rursus
941 1492 1018 1552 tundi
1035 1500 1064 1551 et
1083 1493 1112 1550 in
1123 1509 1149 1549 15

111 1576 232 1636 farinam
247 1575 357 1637 resolvi
378 1578 495 1653 patitur.
528 1594 597 1635 usus
613 1577 698 1654 gypsi
715 1577 744 1634 in
759 1576 894 1653 albariis,
910 1576 1015 1653 sigillis
1034 1575 1111 1635 aedi·

112 1660 242 1720 liciorum
259 1669 289 1719 et
304 1661 421 1719 coronis
440 1661 631 1737 gratissimus.
661 1658 834 1737 Exemplum
849 1661 971 1720 inlustre
991 1659 1023 1720 C.
1041 1659 1112 1718 Pro-

112 1743 236 1802 culeium
248 1742 374 1821 Augusti
393 1742 527 1804 Caesaris
542 1741 738 1803 familiaritate
754 1743 907 1804 subnixum
924 1745 953 1804 in
970 1742 1110 1804 stomachi

110 1827 215 1887 dolore
230 1845 327 1907 gypso
342 1837 414 1906 poto
430 1821 611 1888 conscivisse
627 1827 683 1886 sibi
699 1835 830 1887 mortem.

70 1922 121 1977 184
195 1910 244 1970 25.
274 1911 357 1991 (60.)
384 1911 550 1971 Pavimenta
577 1911 720 1987 originem
750 1911 824 1988 apud
849 1898 1147 1975 Graecos'habentao

112 1995 261 2056 elaborata
283 2003 346 2054 arte
370 1996 501 2072 picturae
522 1995 637 2053 ratione
660 1994 754 2054 donec
776 1990 946 2057 lithostrota
967 1995 1110 2074 expulere

112 2097 185 2139 eam.
222 2077 432 2138 celeberrimus
455 2078 509 2136 fuit
531 2080 560 2136 in
583 2077 640 2136 hoc
659 2096 771 2154 genere
789 2078 881 2139 Sosus
905 2082 954 2158 qui
977 2079 1109 2155 Pergami

109 2162 213 2222 stravit
234 2179 319 2239 quem
340 2171 447 2222 vocant
467 2169 606 2221 asaroton
629 2180 741 2240 oecon,
765 2165 900 2242 quoniam
921 2171 1111 2242 purgamenta

109 2263 200 2306 cenae
222 2246 251 2304 in
273 2246 445 2323 pavimentis
462 2264 597 2325 quaeque
617 2249 714 2307 everri
737 2247 835 2308 solent
854 2247 935 2308 velut
949 2247 1053 2306 relicta
1067 2246 1110 2305 ie-

109 2337 190 2391 cerat
206 2331 303 2408 parvis
316 2349 332 2389 e
346 2329 476 2390 tessellis
492 2331 648 2408 tinctisque
662 2334 692 2391 in
704 2334 801 2391 varios
817 2331 943 2391 colores.
968 2330 1109 2397 mirabilis
1119 2352 1146 2392 as

109 2414 149 2473 ibi
165 2414 298 2475 columba
320 2414 424 2474 bibens
448 2423 478 2474 et
493 2433 594 2493 aquam
609 2415 710 2474 umbra
725 2416 828 2492 capitis
845 2414 1002 2472 infuscans.
1034 2415 1110 2490 apri-

108 2508 207 2559 cantur
223 2499 298 2558 aliae
317 2499 471 2559 scabentes
487 2518 555 2559 sese
572 2500 601 2558 in
616 2496 745 2557 canthari
760 2495 853 2555 labro.

65 2593 116 2653 185
191 2583 273 2661 (61.)
293 2581 460 2642 Pavimenta
479 2581 568 2643 credo
596 2583 716 2658 primum
736 2580 812 2638 facta
833 2595 907 2656 quae
928 2596 1003 2639 nunc
1022 2597 1109 2641 voca·
1162 2660 1164 2662 Ι

7 2726 14 2745 Ι
106 2686 169 2727 mus
188 2666 340 2726 barbarica
356 2675 443 2744 atque
462 2664 688 2741 subtegulanea,
712 2663 741 2721 in
759 2662 842 2722 ltalia
861 2662 983 2731 festucis
999 2665 1107 2742 pavita.

106 2751 163 2810 hoc
184 2758 266 2809 certe
288 2767 327 2808 ex
342 2751 457 2808 nomine
477 2751 542 2826 ipso
557 2745 691 2822 intellegi
714 2755 821 2824 potest.
840 2746 966 2809 {Romae
982 2746 1145 2812 scutula-ao

108 2842 165 2892 turn
180 2834 209 2890 fn
227 2831 307 2890 lovis
323 2830 478 2909 Capitolini
496 2830 569 2890 aede
585 2831 705 2907 primum
722 2829 889 2892 factumest
906 2839 974 2910 post
989 2833 1107 2891 tertium

107 2915 215 2976 bellum
245 2913 381 2973 Punicum
407 2916 521 2989 initum,
548 2915 732 2992 frequentata
758 2934 831 2977 vero
856 2918 1019 2994 pavimenta
1039 2923 1106 2975 ante

107 2997 281 3059 Cimbricum
307 3014 410 3073 magna
436 2999 530 3074 gratia
556 3000 714 3059 animorum
744 3001 850 3061 indicio
876 3007 922 3060 est
942 2999 1105 3059 Lucilianus

105 3083 291 3144 illeversus:

133 3167 1083 3245 Artepavimentiatqueemblematevermiculato.
1115 3194 1141 3236 35

64 3263 114 3318 186
189 3251 270 3330 (62.)
296 3250 442 3312 Subdialia
462 3249 565 3311 Graeci
590 3252 732 3313 invenere
756 3252 860 3313 talibus
880 3250 982 3312 domos
1003 3260 1106 3312 conte-

105 3345 211 3413 gentes
233 3335 328 3400 facile?
344 3345 438 3397 tractu
461 3344 600 3414 tepente,
624 3336 676 3397 sed
696 3337 784 3397 fallax
806 3337 979 3414 ubicumque
995 3334 1104 3394 imbres

96 3419 211 3494 gelant,
247 3423 448 3482 necessarium
469 3421 551 3482 binas
572 3439 627 3501 per
645 3421 792 3482 diversum
815 3423 1015 3481 coassationes
1037 3417 1106 3478 sub-
