<?xml version="1.0" encoding="UTF-8"?>
<!DOCTYPE html PUBLIC "-//W3C//DTD XHTML 1.0 Transitional//EN"
    "http://www.w3.org/TR/xhtml1/DTD/xhtml1-transitional.dtd">
<html xmlns="http://www.w3.org/1999/xhtml" xml:lang="en" lang="en">
 <head>
  <title>
</title>
<meta http-equiv="Content-Type" content="text/html;charset=utf-8" />
  <meta name='ocr-system' content='tesseract 3.04.00' />
  <meta name='ocr-capabilities' content='ocr_page ocr_carea ocr_par ocr_line ocrx_word'/>
</head>
<body>
  <div class='ocr_page' id='page_1' title='image "./cplinisecundina05plingoog_0294.png"; bbox 0 0 2378 3840; ppageno 0'>
   <div class='ocr_carea' id='block_1_1' title="bbox 264 239 1083 321">
    <p class='ocr_par' dir='ltr' id='par_1_1' title="bbox 264 239 1083 321">
     <span class='ocr_line' id='line_1_1' title="bbox 264 239 1083 321; baseline -0.004 -20"><span class='ocrx_word' id='word_1_1' title='bbox 264 255 344 302; x_wconf 79' lang='lat' dir='ltr'><strong>mnu.</strong></span> <span class='ocrx_word' id='word_1_2' title='bbox 366 255 455 304; x_wconf 73' lang='lat' dir='ltr'><strong>msa.</strong></span> <span class='ocrx_word' id='word_1_3' title='bbox 479 257 613 303; x_wconf 79' lang='lat' dir='ltr'><strong>xxxvii.</strong></span> <span class='ocrx_word' id='word_1_4' title='bbox 638 252 754 306; x_wconf 76' lang='lat' dir='ltr'><strong>itt-rt.</strong></span> <span class='ocrx_word' id='word_1_5' title='bbox 779 243 916 321; x_wconf 82' lang='grc'>(67-74.)</span> <span class='ocrx_word' id='word_1_6' title='bbox 1026 239 1083 299; x_wconf 91' lang='grc'><strong>177</strong></span> 
     </span>
    </p>
   </div>
   <div class='ocr_carea' id='block_1_2' title="bbox 23 404 1129 3388">
    <p class='ocr_par' dir='ltr' id='par_1_2' title="bbox 23 404 1129 3388">
     <span class='ocr_line' id='line_1_2' title="bbox 93 404 1085 486; baseline -0.006 -17"><span class='ocrx_word' id='word_1_7' title='bbox 93 409 189 469; x_wconf 91' lang='lat' dir='ltr'><strong>medio</strong></span> <span class='ocrx_word' id='word_1_8' title='bbox 210 409 321 485; x_wconf 92' lang='lat' dir='ltr'><strong>nigrum</strong></span> <span class='ocrx_word' id='word_1_9' title='bbox 342 409 461 469; x_wconf 91' lang='lat' dir='ltr'><strong>candido</strong></span> <span class='ocrx_word' id='word_1_10' title='bbox 485 411 609 486; x_wconf 76' lang='lat' dir='ltr'>cingitur</span> <span class='ocrx_word' id='word_1_11' title='bbox 632 416 662 468; x_wconf 95' lang='lat' dir='ltr'><strong>ut</strong></span> <span class='ocrx_word' id='word_1_12' title='bbox 683 408 815 486; x_wconf 89' lang='lat' dir='ltr'><strong>luporum</strong></span> <span class='ocrx_word' id='word_1_13' title='bbox 837 404 912 465; x_wconf 91' lang='lat' dir='ltr'><strong>oculi</strong></span> <span class='ocrx_word' id='word_1_14' title='bbox 920 447 930 482; x_wconf 95' lang='lat'><strong>,</strong></span> <span class='ocrx_word' id='word_1_15' title='bbox 951 404 1009 464; x_wconf 96' lang='lat' dir='ltr'><strong>illis</strong></span> <span class='ocrx_word' id='word_1_16' title='bbox 1030 421 1085 482; x_wconf 91' lang='lat' dir='ltr'><strong>per</strong></span> 
     </span>
     <span class='ocr_line' id='line_1_3' title="bbox 95 488 1086 571; baseline -0.007 -19"><span class='ocrx_word' id='word_1_17' title='bbox 95 493 187 552; x_wconf 90' lang='lat' dir='ltr'><strong>omnia</strong></span> <span class='ocrx_word' id='word_1_18' title='bbox 210 490 319 554; x_wconf 91' lang='lat' dir='ltr'><strong>similis.</strong></span> <span class='ocrx_word' id='word_1_19' title='bbox 356 500 419 551; x_wconf 90' lang='lat' dir='ltr'><strong>taos</strong></span> <span class='ocrx_word' id='word_1_20' title='bbox 437 494 542 571; x_wconf 90' lang='lat' dir='ltr'><strong>pavoni</strong></span> <span class='ocrx_word' id='word_1_21' title='bbox 555 500 601 552; x_wconf 90' lang='lat' dir='ltr'><strong>est</strong></span> <span class='ocrx_word' id='word_1_22' title='bbox 616 490 716 551; x_wconf 93' lang='lat' dir='ltr'><strong>similis</strong></span> <span class='ocrx_word' id='word_1_23' title='bbox 734 491 860 568; x_wconf 82' lang='lat' dir='ltr'><strong>itemque</strong></span> <span class='ocrx_word' id='word_1_24' title='bbox 887 488 979 567; x_wconf 92' lang='lat' dir='ltr'><strong>aspidi</strong></span> <span class='ocrx_word' id='word_1_25' title='bbox 1002 505 1086 565; x_wconf 87' lang='lat' dir='ltr'><strong>quam</strong></span> 
     </span>
     <span class='ocr_line' id='line_1_4' title="bbox 94 575 867 635; baseline -0.005 -1"><span class='ocrx_word' id='word_1_26' title='bbox 94 576 192 635; x_wconf 87' lang='lat' dir='ltr'><strong>vocari</strong></span> <span class='ocrx_word' id='word_1_27' title='bbox 209 575 392 634; x_wconf 80' lang='lat' dir='ltr'><strong>timictoniam</strong></span> <span class='ocrx_word' id='word_1_28' title='bbox 407 575 534 633; x_wconf 88' lang='lat' dir='ltr'><strong>invenio.</strong></span> <span class='ocrx_word' id='word_1_29' title='bbox 864 619 867 623; x_wconf 92' lang='lat'>.</span> 
     </span>
     <span class='ocr_line' id='line_1_5' title="bbox 157 653 1129 735; baseline 0 -17"><span class='ocrx_word' id='word_1_30' title='bbox 157 657 237 735; x_wconf 86' lang='lat'><strong>(73.)</strong></span> <span class='ocrx_word' id='word_1_31' title='bbox 258 657 433 716; x_wconf 91' lang='lat' dir='ltr'><strong>Harenarum</strong></span> <span class='ocrx_word' id='word_1_32' title='bbox 455 655 610 715; x_wconf 75' lang='lat' dir='ltr'><strong>similitudo</strong></span> <span class='ocrx_word' id='word_1_33' title='bbox 633 662 680 714; x_wconf 90' lang='lat' dir='ltr'><strong>est</strong></span> <span class='ocrx_word' id='word_1_34' title='bbox 699 654 728 713; x_wconf 91' lang='lat' dir='ltr'><strong>in</strong></span> <span class='ocrx_word' id='word_1_35' title='bbox 748 653 966 730; x_wconf 88' lang='lat' dir='ltr'><strong>hammochryso</strong></span> <span class='ocrx_word' id='word_1_36' title='bbox 985 653 1065 714; x_wconf 92' lang='lat' dir='ltr'><strong>velut</strong></span> <span class='ocrx_word' id='word_1_37' title='bbox 1079 663 1129 718; x_wconf 82' lang='lat'><strong>188</strong></span> 
     </span>
     <span class='ocr_line' id='line_1_6' title="bbox 73 736 1086 815; baseline -0.002 -17"><span class='ocrx_word' id='word_1_38' title='bbox 73 759 163 801; x_wconf 85' lang='lat' dir='ltr'><strong>sauro</strong></span> <span class='ocrx_word' id='word_1_39' title='bbox 189 740 306 801; x_wconf 81' lang='lat' dir='ltr'><strong>harenis</strong></span> <span class='ocrx_word' id='word_1_40' title='bbox 332 740 431 798; x_wconf 88' lang='lat' dir='ltr'><strong>mixto.</strong></span> <span class='ocrx_word' id='word_1_41' title='bbox 471 736 625 798; x_wconf 89' lang='lat' dir='ltr'><strong>cenchritis</strong></span> <span class='ocrx_word' id='word_1_42' title='bbox 649 738 757 815; x_wconf 83' lang='lat' dir='ltr'><strong>sparsis</strong></span> <span class='ocrx_word' id='word_1_43' title='bbox 785 736 843 796; x_wconf 93' lang='lat' dir='ltr'><strong>mili</strong></span> <span class='ocrx_word' id='word_1_44' title='bbox 864 739 961 814; x_wconf 90' lang='lat' dir='ltr'><strong>grauis</strong></span> <span class='ocrx_word' id='word_1_45' title='bbox 985 737 1086 797; x_wconf 90' lang='lat' dir='ltr'><strong>similis</strong></span> 
     </span>
     <span class='ocr_line' id='line_1_7' title="bbox 95 819 1086 901; baseline -0.005 -17"><span class='ocrx_word' id='word_1_46' title='bbox 95 833 157 901; x_wconf 89' lang='lat' dir='ltr'><strong>est,</strong></span> <span class='ocrx_word' id='word_1_47' title='bbox 178 824 279 899; x_wconf 95' lang='lat' dir='ltr'><strong>dryitis</strong></span> <span class='ocrx_word' id='word_1_48' title='bbox 298 822 405 880; x_wconf 92' lang='lat' dir='ltr'><strong>truncis</strong></span> <span class='ocrx_word' id='word_1_49' title='bbox 421 821 567 898; x_wconf 89' lang='lat' dir='ltr'><strong>arborum,</strong></span> <span class='ocrx_word' id='word_1_50' title='bbox 583 837 656 897; x_wconf 90' lang='lat' dir='ltr'><strong>quae</strong></span> <span class='ocrx_word' id='word_1_51' title='bbox 672 828 702 879; x_wconf 91' lang='lat' dir='ltr'><strong>et</strong></span> <span class='ocrx_word' id='word_1_52' title='bbox 721 819 792 896; x_wconf 88' lang='lat' dir='ltr'><strong>ligui</strong></span> <span class='ocrx_word' id='word_1_53' title='bbox 807 820 892 880; x_wconf 89' lang='lat' dir='ltr'><strong>modo</strong></span> <span class='ocrx_word' id='word_1_54' title='bbox 908 821 999 881; x_wconf 89' lang='lat' dir='ltr'><strong>ardet.</strong></span> <span class='ocrx_word' id='word_1_55' title='bbox 1032 821 1086 889; x_wconf 89' lang='lat' dir='ltr'><strong>cis·</strong></span> 
     </span>
     <span class='ocr_line' id='line_1_8' title="bbox 94 902 1085 982; baseline -0.004 -16"><span class='ocrx_word' id='word_1_56' title='bbox 94 909 157 967; x_wconf 94' lang='lat' dir='ltr'><strong>sitis</strong></span> <span class='ocrx_word' id='word_1_57' title='bbox 178 909 207 964; x_wconf 95' lang='lat' dir='ltr'><strong>in</strong></span> <span class='ocrx_word' id='word_1_58' title='bbox 228 904 348 965; x_wconf 87' lang='lat' dir='ltr'><strong>candido</strong></span> <span class='ocrx_word' id='word_1_59' title='bbox 369 903 501 982; x_wconf 78' lang='lat' dir='ltr'><strong>perlucet</strong></span> <span class='ocrx_word' id='word_1_60' title='bbox 520 903 647 963; x_wconf 78' lang='lat' dir='ltr'>hederae</span> <span class='ocrx_word' id='word_1_61' title='bbox 672 902 751 962; x_wconf 82' lang='lat' dir='ltr'><strong>loliis</strong></span> <span class='ocrx_word' id='word_1_62' title='bbox 771 920 844 979; x_wconf 92' lang='lat' dir='ltr'><strong>quae</strong></span> <span class='ocrx_word' id='word_1_63' title='bbox 865 910 954 962; x_wconf 91' lang='lat' dir='ltr'><strong>totam</strong></span> <span class='ocrx_word' id='word_1_64' title='bbox 977 913 1085 964; x_wconf 87' lang='lat' dir='ltr'><strong>tenent.</strong></span> 
     </span>
     <span class='ocr_line' id='line_1_9' title="bbox 93 985 1086 1063; baseline -0.004 -15"><span class='ocrx_word' id='word_1_65' title='bbox 93 988 252 1048; x_wconf 89' lang='lat' dir='ltr'><strong>narcissitis</strong></span> <span class='ocrx_word' id='word_1_66' title='bbox 276 988 357 1048; x_wconf 90' lang='lat' dir='ltr'><strong>venis</strong></span> <span class='ocrx_word' id='word_1_67' title='bbox 384 995 414 1046; x_wconf 91' lang='lat' dir='ltr'><strong>et</strong></span> <span class='ocrx_word' id='word_1_68' title='bbox 435 987 526 1046; x_wconf 93' lang='lat' dir='ltr'><strong>odore</strong></span> <span class='ocrx_word' id='word_1_69' title='bbox 549 985 742 1062; x_wconf 85' lang='lat' dir='ltr'><strong>distinguitur.</strong></span> <span class='ocrx_word' id='word_1_70' title='bbox 781 987 905 1060; x_wconf 87' lang='lat' dir='ltr'><strong>cyamias</strong></span> <span class='ocrx_word' id='word_1_71' title='bbox 926 989 1008 1063; x_wconf 88' lang='lat' dir='ltr'><strong>nigra</strong></span> <span class='ocrx_word' id='word_1_72' title='bbox 1030 995 1086 1062; x_wconf 92' lang='lat' dir='ltr'><strong>est,</strong></span> 
     </span>
     <span class='ocr_line' id='line_1_10' title="bbox 23 1063 1087 1146; baseline -0.002 -15"><span class='ocrx_word' id='word_1_73' title='bbox 23 1063 32 1074; x_wconf 45' lang='lat'>⁸</span> <span class='ocrx_word' id='word_1_74' title='bbox 94 1069 147 1131; x_wconf 89' lang='lat' dir='ltr'><strong>sed</strong></span> <span class='ocrx_word' id='word_1_75' title='bbox 161 1070 251 1129; x_wconf 83' lang='lat' dir='ltr'><strong>fracta</strong></span> <span class='ocrx_word' id='word_1_76' title='bbox 270 1089 308 1130; x_wconf 83' lang='lat' dir='ltr'><strong>ex</strong></span> <span class='ocrx_word' id='word_1_77' title='bbox 323 1089 355 1130; x_wconf 91' lang='lat' dir='ltr'><strong>se</strong></span> <span class='ocrx_word' id='word_1_78' title='bbox 372 1069 456 1130; x_wconf 89' lang='lat' dir='ltr'><strong>labae</strong></span> <span class='ocrx_word' id='word_1_79' title='bbox 474 1068 686 1129; x_wconf 90' lang='lat' dir='ltr'><strong>similitudinem</strong></span> <span class='ocrx_word' id='word_1_80' title='bbox 702 1069 794 1145; x_wconf 89' lang='lat' dir='ltr'><strong>parit,</strong></span> <span class='ocrx_word' id='word_1_81' title='bbox 820 1085 912 1146; x_wconf 92' lang='lat' dir='ltr'><strong>pyren</strong></span> <span class='ocrx_word' id='word_1_82' title='bbox 933 1070 968 1129; x_wconf 93' lang='lat' dir='ltr'><strong>ah</strong></span> <span class='ocrx_word' id='word_1_83' title='bbox 992 1069 1087 1129; x_wconf 88' lang='lat' dir='ltr'><strong>olivae</strong></span> 
     </span>
     <span class='ocr_line' id='line_1_11' title="bbox 61 1151 1087 1231; baseline -0.004 -15"><span class='ocrx_word' id='word_1_84' title='bbox 61 1153 216 1216; x_wconf 90' lang='lat' dir='ltr'><strong>ronucnlco</strong></span> <span class='ocrx_word' id='word_1_85' title='bbox 234 1152 325 1228; x_wconf 90' lang='lat' dir='ltr'><strong>dicta,</strong></span> <span class='ocrx_word' id='word_1_86' title='bbox 349 1152 415 1213; x_wconf 92' lang='lat' dir='ltr'><strong>huic</strong></span> <span class='ocrx_word' id='word_1_87' title='bbox 437 1152 589 1231; x_wconf 86' lang='lat' dir='ltr'><strong>aliquando</strong></span> <span class='ocrx_word' id='word_1_88' title='bbox 611 1152 710 1211; x_wconf 89' lang='lat' dir='ltr'><strong>iuesse</strong></span> <span class='ocrx_word' id='word_1_89' title='bbox 730 1151 852 1229; x_wconf 82' lang='lat' dir='ltr'><strong>piscium</strong></span> <span class='ocrx_word' id='word_1_90' title='bbox 871 1154 971 1230; x_wconf 92' lang='lat' dir='ltr'><strong>spinae</strong></span> <span class='ocrx_word' id='word_1_91' title='bbox 989 1153 1087 1212; x_wconf 91' lang='lat' dir='ltr'><strong>viden·</strong></span> 
     </span>
     <span class='ocr_line' id='line_1_12' title="bbox 94 1234 1129 1314; baseline 0.003 -19"><span class='ocrx_word' id='word_1_92' title='bbox 94 1246 155 1313; x_wconf 89' lang='lat' dir='ltr'><strong>tur,</strong></span> <span class='ocrx_word' id='word_1_93' title='bbox 179 1235 353 1314; x_wconf 87' lang='lat' dir='ltr'><strong>phoenicitis</strong></span> <span class='ocrx_word' id='word_1_94' title='bbox 366 1244 397 1295; x_wconf 88' lang='lat' dir='ltr'><strong>ut</strong></span> <span class='ocrx_word' id='word_1_95' title='bbox 413 1235 540 1296; x_wconf 88' lang='lat' dir='ltr'><strong>balanus.</strong></span> <span class='ocrx_word' id='word_1_96' title='bbox 571 1234 712 1295; x_wconf 85' lang='lat' dir='ltr'><strong>chalazias</strong></span> <span class='ocrx_word' id='word_1_97' title='bbox 728 1234 896 1311; x_wconf 84' lang='lat' dir='ltr'><strong>grandinum</strong></span> <span class='ocrx_word' id='word_1_98' title='bbox 919 1245 950 1296; x_wconf 88' lang='lat' dir='ltr'><strong>ct</strong></span> <span class='ocrx_word' id='word_1_99' title='bbox 964 1236 1066 1298; x_wconf 94' lang='lat' dir='ltr'><strong>cando·</strong></span> <span class='ocrx_word' id='word_1_100' title='bbox 1078 1245 1129 1300; x_wconf 87' lang='grc'>189</span> 
     </span>
     <span class='ocr_line' id='line_1_13' title="bbox 93 1318 1088 1395; baseline -0.001 -16"><span class='ocrx_word' id='word_1_101' title='bbox 93 1338 155 1380; x_wconf 92' lang='lat' dir='ltr'><strong>rem</strong></span> <span class='ocrx_word' id='word_1_102' title='bbox 191 1328 220 1378; x_wconf 93' lang='lat' dir='ltr'><strong>et</strong></span> <span class='ocrx_word' id='word_1_103' title='bbox 248 1320 368 1394; x_wconf 88' lang='lat' dir='ltr'><strong>figuram</strong></span> <span class='ocrx_word' id='word_1_104' title='bbox 393 1318 498 1395; x_wconf 92' lang='lat' dir='ltr'><strong>hahet,</strong></span> <span class='ocrx_word' id='word_1_105' title='bbox 524 1319 720 1380; x_wconf 87' lang='lat' dir='ltr'><strong>adamantinae</strong></span> <span class='ocrx_word' id='word_1_106' title='bbox 747 1318 880 1395; x_wconf 91' lang='lat' dir='ltr'><strong>duritiae,</strong></span> <span class='ocrx_word' id='word_1_107' title='bbox 912 1328 944 1379; x_wconf 94' lang='lat' dir='ltr'><strong>ut</strong></span> <span class='ocrx_word' id='word_1_108' title='bbox 970 1327 1088 1380; x_wconf 92' lang='lat' dir='ltr'><strong>narrent</strong></span> 
     </span>
     <span class='ocr_line' id='line_1_14' title="bbox 98 1401 1087 1479; baseline -0.003 -16"><span class='ocrx_word' id='word_1_109' title='bbox 98 1406 137 1463; x_wconf 81' lang='lat' dir='ltr'><strong>in·</strong></span> <span class='ocrx_word' id='word_1_110' title='bbox 153 1405 228 1479; x_wconf 89' lang='lat' dir='ltr'><strong>ignis</strong></span> <span class='ocrx_word' id='word_1_111' title='bbox 264 1405 351 1463; x_wconf 87' lang='lat' dir='ltr'><strong>etiam</strong></span> <span class='ocrx_word' id='word_1_112' title='bbox 371 1401 484 1461; x_wconf 91' lang='lat' dir='ltr'><strong>additae</strong></span> <span class='ocrx_word' id='word_1_113' title='bbox 506 1418 623 1460; x_wconf 93' lang='lat' dir='ltr'><strong>manere</strong></span> <span class='ocrx_word' id='word_1_114' title='bbox 643 1419 724 1459; x_wconf 92' lang='lat' dir='ltr'><strong>suum</strong></span> <span class='ocrx_word' id='word_1_115' title='bbox 745 1401 846 1476; x_wconf 85' lang='lat' dir='ltr'><strong>frigus.</strong></span> <span class='ocrx_word' id='word_1_116' title='bbox 877 1403 980 1478; x_wconf 76' lang='lat' dir='ltr'><strong>pyritis</strong></span> <span class='ocrx_word' id='word_1_117' title='bbox 1006 1403 1087 1477; x_wconf 92' lang='lat' dir='ltr'><strong>nigra</strong></span> 
     </span>
     <span class='ocr_line' id='line_1_15' title="bbox 94 1482 1087 1560; baseline 0.002 -20"><span class='ocrx_word' id='word_1_118' title='bbox 94 1483 207 1560; x_wconf 85' lang='lat' dir='ltr'><strong>quidem</strong></span> <span class='ocrx_word' id='word_1_119' title='bbox 222 1491 285 1558; x_wconf 89' lang='lat' dir='ltr'><strong>est,</strong></span> <span class='ocrx_word' id='word_1_120' title='bbox 307 1482 358 1542; x_wconf 92' lang='lat' dir='ltr'><strong>sed</strong></span> <span class='ocrx_word' id='word_1_121' title='bbox 373 1485 472 1542; x_wconf 92' lang='lat' dir='ltr'><strong>attritu</strong></span> <span class='ocrx_word' id='word_1_122' title='bbox 486 1483 594 1559; x_wconf 84' lang='lat' dir='ltr'><strong>digitos</strong></span> <span class='ocrx_word' id='word_1_123' title='bbox 615 1482 715 1541; x_wconf 90' lang='lat' dir='ltr'><strong>adurit.</strong></span> <span class='ocrx_word' id='word_1_124' title='bbox 746 1482 909 1559; x_wconf 76' lang='lat' dir='ltr'><strong>polyzonos</strong></span> <span class='ocrx_word' id='word_1_125' title='bbox 929 1482 1025 1542; x_wconf 89' lang='lat' dir='ltr'><strong>multis</strong></span> <span class='ocrx_word' id='word_1_126' title='bbox 1047 1483 1087 1542; x_wconf 71' lang='lat' dir='ltr'><strong>dt</strong></span> 
     </span>
     <span class='ocr_line' id='line_1_16' title="bbox 61 1564 1087 1643; baseline 0.004 -23"><span class='ocrx_word' id='word_1_127' title='bbox 61 1567 196 1625; x_wconf 76' lang='lat' dir='ltr'><strong>restincta</strong></span> <span class='ocrx_word' id='word_1_128' title='bbox 211 1564 287 1624; x_wconf 92' lang='lat' dir='ltr'><strong>liniis</strong></span> <span class='ocrx_word' id='word_1_129' title='bbox 303 1565 438 1625; x_wconf 91' lang='lat' dir='ltr'><strong>candicat.</strong></span> <span class='ocrx_word' id='word_1_130' title='bbox 473 1574 640 1643; x_wconf 90' lang='lat' dir='ltr'><strong>astrapaeae</strong></span> <span class='ocrx_word' id='word_1_131' title='bbox 657 1566 686 1623; x_wconf 91' lang='lat' dir='ltr'><strong>in</strong></span> <span class='ocrx_word' id='word_1_132' title='bbox 708 1564 827 1624; x_wconf 91' lang='lat' dir='ltr'><strong>candido</strong></span> <span class='ocrx_word' id='word_1_133' title='bbox 844 1574 892 1624; x_wconf 88' lang='lat' dir='ltr'><strong>aut</strong></span> <span class='ocrx_word' id='word_1_134' title='bbox 904 1584 1014 1641; x_wconf 86' lang='lat' dir='ltr'><strong>cyaneo</strong></span> <span class='ocrx_word' id='word_1_135' title='bbox 1031 1566 1087 1626; x_wconf 91' lang='lat' dir='ltr'><strong>dis·</strong></span> 
     </span>
     <span class='ocr_line' id='line_1_17' title="bbox 94 1647 1087 1725; baseline 0 -17"><span class='ocrx_word' id='word_1_136' title='bbox 94 1656 211 1709; x_wconf 94' lang='lat' dir='ltr'><strong>currunt</strong></span> <span class='ocrx_word' id='word_1_137' title='bbox 234 1647 366 1708; x_wconf 90' lang='lat' dir='ltr'><strong>emedio</strong></span> <span class='ocrx_word' id='word_1_138' title='bbox 389 1648 514 1707; x_wconf 82' lang='lat' dir='ltr'><strong>fulminis</strong></span> <span class='ocrx_word' id='word_1_139' title='bbox 537 1648 617 1711; x_wconf 89' lang='lat' dir='ltr'><strong>radii.</strong></span> <span class='ocrx_word' id='word_1_140' title='bbox 648 1649 677 1707; x_wconf 94' lang='lat' dir='ltr'><strong>in</strong></span> <span class='ocrx_word' id='word_1_141' title='bbox 700 1647 861 1725; x_wconf 87' lang='lat' dir='ltr'><strong>phlogitide</strong></span> <span class='ocrx_word' id='word_1_142' title='bbox 883 1650 958 1708; x_wconf 90' lang='lat' dir='ltr'><strong>intus</strong></span> <span class='ocrx_word' id='word_1_143' title='bbox 979 1648 1087 1708; x_wconf 86' lang='lat' dir='ltr'><strong>damma</strong></span> 
     </span>
     <span class='ocr_line' id='line_1_18' title="bbox 93 1729 1086 1808; baseline 0.002 -20"><span class='ocrx_word' id='word_1_144' title='bbox 93 1732 208 1791; x_wconf 87' lang='lat' dir='ltr'><strong>videtur</strong></span> <span class='ocrx_word' id='word_1_145' title='bbox 224 1731 328 1791; x_wconf 92' lang='lat' dir='ltr'><strong>ardere</strong></span> <span class='ocrx_word' id='word_1_146' title='bbox 343 1749 416 1808; x_wconf 90' lang='lat' dir='ltr'><strong>quae</strong></span> <span class='ocrx_word' id='word_1_147' title='bbox 431 1748 488 1795; x_wconf 91' lang='lat' dir='ltr'><strong>non</strong></span> <span class='ocrx_word' id='word_1_148' title='bbox 506 1738 609 1806; x_wconf 88' lang='lat' dir='ltr'><strong>exeat,</strong></span> <span class='ocrx_word' id='word_1_149' title='bbox 627 1732 656 1789; x_wconf 92' lang='lat' dir='ltr'><strong>in</strong></span> <span class='ocrx_word' id='word_1_150' title='bbox 668 1729 857 1790; x_wconf 87' lang='lat' dir='ltr'><strong>anthracitide</strong></span> <span class='ocrx_word' id='word_1_151' title='bbox 871 1731 1012 1792; x_wconf 90' lang='lat' dir='ltr'><strong>scintillae</strong></span> <span class='ocrx_word' id='word_1_152' title='bbox 1029 1732 1086 1792; x_wconf 89' lang='lat' dir='ltr'><strong>dis-</strong></span> 
     </span>
     <span class='ocr_line' id='line_1_19' title="bbox 93 1812 1129 1893; baseline 0.006 -20"><span class='ocrx_word' id='word_1_153' title='bbox 93 1832 222 1875; x_wconf 87' lang='lat' dir='ltr'><strong>currere.</strong></span> <span class='ocrx_word' id='word_1_154' title='bbox 247 1813 393 1892; x_wconf 90' lang='lat' dir='ltr'><strong>enhygros</strong></span> <span class='ocrx_word' id='word_1_155' title='bbox 409 1832 525 1893; x_wconf 92' lang='lat' dir='ltr'><strong>semper</strong></span> <span class='ocrx_word' id='word_1_156' title='bbox 539 1812 722 1874; x_wconf 90' lang='lat' dir='ltr'><strong>rotunditatis</strong></span> <span class='ocrx_word' id='word_1_157' title='bbox 738 1812 888 1876; x_wconf 89' lang='lat' dir='ltr'><strong>absolutae</strong></span> <span class='ocrx_word' id='word_1_158' title='bbox 899 1815 929 1875; x_wconf 91' lang='lat' dir='ltr'><strong>in</strong></span> <span class='ocrx_word' id='word_1_159' title='bbox 940 1815 1065 1876; x_wconf 88' lang='lat' dir='ltr'><strong>candore</strong></span> <span class='ocrx_word' id='word_1_160' title='bbox 1079 1827 1129 1882; x_wconf 86' lang='grc'>190</span> 
     </span>
     <span class='ocr_line' id='line_1_20' title="bbox 93 1897 1086 1974; baseline 0.002 -18"><span class='ocrx_word' id='word_1_161' title='bbox 93 1905 140 1956; x_wconf 92' lang='lat' dir='ltr'><strong>est</strong></span> <span class='ocrx_word' id='word_1_162' title='bbox 154 1897 246 1974; x_wconf 87' lang='lat' dir='ltr'><strong>levis,</strong></span> <span class='ocrx_word' id='word_1_163' title='bbox 262 1899 313 1958; x_wconf 92' lang='lat' dir='ltr'><strong>sed</strong></span> <span class='ocrx_word' id='word_1_164' title='bbox 330 1897 364 1957; x_wconf 92' lang='lat' dir='ltr'><strong>ad</strong></span> <span class='ocrx_word' id='word_1_165' title='bbox 378 1906 484 1958; x_wconf 91' lang='lat' dir='ltr'><strong>motum</strong></span> <span class='ocrx_word' id='word_1_166' title='bbox 501 1898 617 1958; x_wconf 81' lang='lat' dir='ltr'><strong>fluctuat</strong></span> <span class='ocrx_word' id='word_1_167' title='bbox 634 1899 710 1957; x_wconf 84' lang='lat' dir='ltr'><strong>iutue</strong></span> <span class='ocrx_word' id='word_1_168' title='bbox 729 1898 758 1957; x_wconf 94' lang='lat' dir='ltr'><strong>in</strong></span> <span class='ocrx_word' id='word_1_169' title='bbox 774 1916 809 1959; x_wconf 91' lang='lat' dir='ltr'><strong>ea</strong></span> <span class='ocrx_word' id='word_1_170' title='bbox 825 1899 915 1959; x_wconf 89' lang='lat' dir='ltr'><strong>veluti</strong></span> <span class='ocrx_word' id='word_1_171' title='bbox 930 1901 958 1959; x_wconf 92' lang='lat' dir='ltr'><strong>in</strong></span> <span class='ocrx_word' id='word_1_172' title='bbox 975 1901 1038 1958; x_wconf 86' lang='lat' dir='ltr'><strong>ovis</strong></span> <span class='ocrx_word' id='word_1_173' title='bbox 1054 1899 1086 1958; x_wconf 93' lang='lat' dir='ltr'><strong>li-</strong></span> 
     </span>
     <span class='ocr_line' id='line_1_21' title="bbox 59 1980 1086 2061; baseline 0.004 -22"><span class='ocrx_word' id='word_1_174' title='bbox 59 1991 84 2031; x_wconf 80' lang='lat'><strong>²⁰</strong></span> <span class='ocrx_word' id='word_1_175' title='bbox 93 1997 175 2057; x_wconf 89' lang='lat' dir='ltr'><strong>quor.</strong></span> <span class='ocrx_word' id='word_1_176' title='bbox 204 1980 350 2058; x_wconf 83' lang='lat' dir='ltr'><strong>polythrix</strong></span> <span class='ocrx_word' id='word_1_177' title='bbox 361 1982 390 2040; x_wconf 94' lang='lat' dir='ltr'><strong>in</strong></span> <span class='ocrx_word' id='word_1_178' title='bbox 400 1981 484 2041; x_wconf 86' lang='lat' dir='ltr'><strong>viridi</strong></span> <span class='ocrx_word' id='word_1_179' title='bbox 498 1980 696 2061; x_wconf 83' lang='lat' dir='ltr'><strong>capillatnrum</strong></span> <span class='ocrx_word' id='word_1_180' title='bbox 709 1982 846 2058; x_wconf 90' lang='lat' dir='ltr'><strong>ostendit,</strong></span> <span class='ocrx_word' id='word_1_181' title='bbox 860 1983 911 2043; x_wconf 91' lang='lat' dir='ltr'><strong>sed</strong></span> <span class='ocrx_word' id='word_1_182' title='bbox 921 1981 1026 2042; x_wconf 89' lang='lat' dir='ltr'><strong>deiluia</strong></span> <span class='ocrx_word' id='word_1_183' title='bbox 1038 2000 1086 2043; x_wconf 93' lang='lat' dir='ltr'><strong>co·</strong></span> 
     </span>
     <span class='ocr_line' id='line_1_22' title="bbox 92 2063 1098 2145; baseline 0.006 -25"><span class='ocrx_word' id='word_1_184' title='bbox 92 2079 198 2122; x_wconf 91' lang='lat' dir='ltr'><strong>marum</strong></span> <span class='ocrx_word' id='word_1_185' title='bbox 212 2065 310 2124; x_wconf 87' lang='lat' dir='ltr'><strong>iacere</strong></span> <span class='ocrx_word' id='word_1_186' title='bbox 322 2063 435 2124; x_wconf 90' lang='lat' dir='ltr'><strong>dicitur.</strong></span> <span class='ocrx_word' id='word_1_187' title='bbox 461 2074 526 2125; x_wconf 91' lang='lat' dir='ltr'><strong>sunt</strong></span> <span class='ocrx_word' id='word_1_188' title='bbox 539 2073 570 2125; x_wconf 91' lang='lat' dir='ltr'><strong>et</strong></span> <span class='ocrx_word' id='word_1_189' title='bbox 582 2065 704 2125; x_wconf 91' lang='lat' dir='ltr'><strong>aleonis</strong></span> <span class='ocrx_word' id='word_1_190' title='bbox 717 2064 797 2143; x_wconf 92' lang='lat' dir='ltr'><strong>pelle</strong></span> <span class='ocrx_word' id='word_1_191' title='bbox 811 2074 841 2126; x_wconf 90' lang='lat' dir='ltr'><strong>et</strong></span> <span class='ocrx_word' id='word_1_192' title='bbox 852 2084 867 2125; x_wconf 91' lang='grc'>1</span> <span class='ocrx_word' id='word_1_193' title='bbox 878 2064 1016 2145; x_wconf 91' lang='lat' dir='ltr'><strong>panthera</strong></span> <span class='ocrx_word' id='word_1_194' title='bbox 1034 2066 1098 2126; x_wconf 69' lang='lat' dir='ltr'><strong>no·v</strong></span> 
     </span>
     <span class='ocr_line' id='line_1_23' title="bbox 92 2144 1127 2227; baseline 0.009 -25"><span class='ocrx_word' id='word_1_195' title='bbox 92 2146 214 2205; x_wconf 89' lang='lat' dir='ltr'><strong>minatae</strong></span> <span class='ocrx_word' id='word_1_196' title='bbox 229 2144 380 2223; x_wconf 91' lang='lat' dir='ltr'><strong>[leontios,</strong></span> <span class='ocrx_word' id='word_1_197' title='bbox 396 2146 562 2226; x_wconf 78' lang='lat' dir='ltr'><strong>pardaliosl.</strong></span> <span class='ocrx_word' id='word_1_198' title='bbox 592 2145 682 2208; x_wconf 85' lang='lat' dir='ltr'><strong>Colos</strong></span> <span class='ocrx_word' id='word_1_199' title='bbox 694 2148 852 2227; x_wconf 89' lang='lat' dir='ltr'><strong>appellavit</strong></span> <span class='ocrx_word' id='word_1_200' title='bbox 866 2149 1066 2227; x_wconf 89' lang='lat' dir='ltr'><strong>drosolithum,</strong></span> <span class='ocrx_word' id='word_1_201' title='bbox 1079 2162 1127 2216; x_wconf 85' lang='lat'><strong>191</strong></span> 
     </span>
     <span class='ocr_line' id='line_1_24' title="bbox 92 2225 1086 2306; baseline 0.009 -23"><span class='ocrx_word' id='word_1_202' title='bbox 92 2259 135 2270; x_wconf 90' lang='lat'>-</span> <span class='ocrx_word' id='word_1_203' title='bbox 145 2225 298 2286; x_wconf 90' lang='lat' dir='ltr'><strong>melichrus</strong></span> <span class='ocrx_word' id='word_1_204' title='bbox 311 2235 358 2286; x_wconf 88' lang='lat' dir='ltr'><strong>est</strong></span> <span class='ocrx_word' id='word_1_205' title='bbox 371 2227 505 2305; x_wconf 89' lang='lat' dir='ltr'><strong>melleus,</strong></span> <span class='ocrx_word' id='word_1_206' title='bbox 516 2232 595 2288; x_wconf 87' lang='lat' dir='ltr'><strong>cuius</strong></span> <span class='ocrx_word' id='word_1_207' title='bbox 609 2229 690 2306; x_wconf 95' lang='lat' dir='ltr'><strong>plura</strong></span> <span class='ocrx_word' id='word_1_208' title='bbox 705 2249 824 2306; x_wconf 88' lang='lat' dir='ltr'><strong>genera.</strong></span> <span class='ocrx_word' id='word_1_209' title='bbox 842 2231 1027 2293; x_wconf 91' lang='lat' dir='ltr'><strong>melichloros</strong></span> <span class='ocrx_word' id='word_1_210' title='bbox 1039 2242 1086 2294; x_wconf 91' lang='lat' dir='ltr'><strong>est</strong></span> 
     </span>
     <span class='ocr_line' id='line_1_25' title="bbox 93 2308 1086 2391; baseline 0.01 -26"><span class='ocrx_word' id='word_1_211' title='bbox 93 2308 241 2384; x_wconf 88' lang='lat' dir='ltr'><strong>geminus,</strong></span> <span class='ocrx_word' id='word_1_212' title='bbox 258 2318 341 2386; x_wconf 90' lang='lat' dir='ltr'><strong>parte</strong></span> <span class='ocrx_word' id='word_1_213' title='bbox 358 2308 466 2386; x_wconf 88' lang='lat' dir='ltr'><strong>flavos,</strong></span> <span class='ocrx_word' id='word_1_214' title='bbox 486 2319 569 2387; x_wconf 91' lang='lat' dir='ltr'><strong>parte</strong></span> <span class='ocrx_word' id='word_1_215' title='bbox 583 2311 708 2371; x_wconf 92' lang='lat' dir='ltr'><strong>melleus</strong></span> <span class='ocrx_word' id='word_1_216' title='bbox 727 2346 782 2388; x_wconf 94' lang='lat'><strong>-,</strong></span> <span class='ocrx_word' id='word_1_217' title='bbox 803 2315 918 2374; x_wconf 91' lang='lat' dir='ltr'><strong>crocian</strong></span> <span class='ocrx_word' id='word_1_218' title='bbox 932 2317 1028 2391; x_wconf 92' lang='lat' dir='ltr'><strong>croci,</strong></span> <span class='ocrx_word' id='word_1_219' title='bbox 1049 2317 1086 2375; x_wconf 92' lang='lat' dir='ltr'><strong>si·</strong></span> 
     </span>
     <span class='ocr_line' id='line_1_26' title="bbox 59 2389 1087 2474; baseline 0.009 -26"><span class='ocrx_word' id='word_1_220' title='bbox 59 2389 279 2450; x_wconf 74' lang='lat' dir='ltr'><strong>amilitudinem</strong></span> <span class='ocrx_word' id='word_1_221' title='bbox 293 2391 432 2468; x_wconf 87' lang='lat' dir='ltr'><strong>quandam</strong></span> <span class='ocrx_word' id='word_1_222' title='bbox 452 2401 637 2471; x_wconf 91' lang='lat' dir='ltr'><strong>spargentem</strong></span> <span class='ocrx_word' id='word_1_223' title='bbox 652 2393 751 2472; x_wconf 89' lang='lat' dir='ltr'><strong>polian</strong></span> <span class='ocrx_word' id='word_1_224' title='bbox 773 2396 910 2472; x_wconf 87' lang='lat' dir='ltr'><strong>canities,</strong></span> <span class='ocrx_word' id='word_1_225' title='bbox 934 2405 1087 2474; x_wconf 90' lang='lat' dir='ltr'><strong>spartopo-</strong></span> 
     </span>
     <span class='ocr_line' id='line_1_27' title="bbox 93 2472 1086 2554; baseline 0.006 -22"><span class='ocrx_word' id='word_1_226' title='bbox 93 2472 154 2533; x_wconf 94' lang='lat' dir='ltr'><strong>lion</strong></span> <span class='ocrx_word' id='word_1_227' title='bbox 167 2475 271 2534; x_wconf 87' lang='lat' dir='ltr'><strong>rarior.</strong></span> <span class='ocrx_word' id='word_1_228' title='bbox 297 2473 420 2534; x_wconf 92' lang='lat' dir='ltr'><strong>rhoditis</strong></span> <span class='ocrx_word' id='word_1_229' title='bbox 436 2492 522 2535; x_wconf 88' lang='lat' dir='ltr'><strong>rosae</strong></span> <span class='ocrx_word' id='word_1_230' title='bbox 538 2475 639 2535; x_wconf 91' lang='lat' dir='ltr'><strong>similis</strong></span> <span class='ocrx_word' id='word_1_231' title='bbox 656 2484 720 2553; x_wconf 89' lang='lat' dir='ltr'><strong>cst,</strong></span> <span class='ocrx_word' id='word_1_232' title='bbox 744 2477 873 2537; x_wconf 91' lang='lat' dir='ltr'><strong>chalcitis</strong></span> <span class='ocrx_word' id='word_1_233' title='bbox 888 2481 966 2554; x_wconf 92' lang='lat' dir='ltr'><strong>aeri,</strong></span> <span class='ocrx_word' id='word_1_234' title='bbox 986 2482 1086 2554; x_wconf 88' lang='lat' dir='ltr'><strong>sycitis</strong></span> 
     </span>
     <span class='ocr_line' id='line_1_28' title="bbox 92 2556 1105 2637; baseline 0.01 -23"><span class='ocrx_word' id='word_1_235' title='bbox 92 2556 159 2632; x_wconf 90' lang='lat' dir='ltr'><strong>lico,</strong></span> <span class='ocrx_word' id='word_1_236' title='bbox 171 2556 359 2632; x_wconf 91' lang='lat' dir='ltr'><strong>bostrychitis</strong></span> <span class='ocrx_word' id='word_1_237' title='bbox 374 2558 403 2616; x_wconf 94' lang='lat' dir='ltr'><strong>in</strong></span> <span class='ocrx_word' id='word_1_238' title='bbox 414 2558 498 2634; x_wconf 88' lang='lat' dir='ltr'><strong>nigro</strong></span> <span class='ocrx_word' id='word_1_239' title='bbox 510 2576 623 2619; x_wconf 91' lang='lat' dir='ltr'><strong>ramosa</strong></span> <span class='ocrx_word' id='word_1_240' title='bbox 634 2559 761 2620; x_wconf 90' lang='lat' dir='ltr'><strong>candidis</strong></span> <span class='ocrx_word' id='word_1_241' title='bbox 772 2558 820 2618; x_wconf 87' lang='lat' dir='ltr'><strong>vel</strong></span> <span class='ocrx_word' id='word_1_242' title='bbox 832 2562 997 2637; x_wconf 89' lang='lat' dir='ltr'><strong>sanguineis</strong></span> <span class='ocrx_word' id='word_1_243' title='bbox 1009 2563 1087 2622; x_wconf 89' lang='lat' dir='ltr'><strong>iron-</strong></span> <span class='ocrx_word' id='word_1_244' title='bbox 1102 2619 1105 2624; x_wconf 90' lang='lat'><em>.</em></span> 
     </span>
     <span class='ocr_line' id='line_1_29' title="bbox 93 2637 1087 2719; baseline 0.008 -22"><span class='ocrx_word' id='word_1_245' title='bbox 93 2637 192 2714; x_wconf 89' lang='lat' dir='ltr'><strong>dibus,</strong></span> <span class='ocrx_word' id='word_1_246' title='bbox 221 2639 360 2699; x_wconf 86' lang='lat' dir='ltr'><strong>chernitis</strong></span> <span class='ocrx_word' id='word_1_247' title='bbox 387 2640 466 2700; x_wconf 86' lang='lat' dir='ltr'><strong>velut</strong></span> <span class='ocrx_word' id='word_1_248' title='bbox 492 2641 522 2700; x_wconf 93' lang='lat' dir='ltr'><strong>in</strong></span> <span class='ocrx_word' id='word_1_249' title='bbox 545 2649 627 2719; x_wconf 91' lang='lat' dir='ltr'><strong>petra</strong></span> <span class='ocrx_word' id='word_1_250' title='bbox 650 2642 777 2702; x_wconf 92' lang='lat' dir='ltr'><strong>candidis</strong></span> <span class='ocrx_word' id='word_1_251' title='bbox 798 2642 926 2702; x_wconf 89' lang='lat' dir='ltr'><strong>manibus</strong></span> <span class='ocrx_word' id='word_1_252' title='bbox 955 2645 1031 2704; x_wconf 92' lang='lat' dir='ltr'><strong>inter</strong></span> <span class='ocrx_word' id='word_1_253' title='bbox 1053 2664 1087 2705; x_wconf 89' lang='lat' dir='ltr'><strong>sc</strong></span> 
     </span>
     <span class='ocr_line' id='line_1_30' title="bbox 93 2721 1129 2805; baseline 0.011 -25"><span class='ocrx_word' id='word_1_254' title='bbox 93 2721 253 2799; x_wconf 82' lang='lat' dir='ltr'><strong>conplexis.</strong></span> <span class='ocrx_word' id='word_1_255' title='bbox 280 2722 452 2783; x_wconf 83' lang='lat' dir='ltr'><strong>Anancitide</strong></span> <span class='ocrx_word' id='word_1_256' title='bbox 467 2725 496 2783; x_wconf 92' lang='lat' dir='ltr'><strong>in</strong></span> <span class='ocrx_word' id='word_1_257' title='bbox 510 2723 707 2800; x_wconf 92' lang='lat' dir='ltr'><strong>hydromantia</strong></span> <span class='ocrx_word' id='word_1_258' title='bbox 722 2725 820 2784; x_wconf 89' lang='lat' dir='ltr'><strong>dicunt</strong></span> <span class='ocrx_word' id='word_1_259' title='bbox 836 2728 953 2786; x_wconf 90' lang='lat' dir='ltr'><strong>evocari</strong></span> <span class='ocrx_word' id='word_1_260' title='bbox 969 2728 1066 2805; x_wconf 92' lang='lat' dir='ltr'><strong>imagi·</strong></span> <span class='ocrx_word' id='word_1_261' title='bbox 1078 2739 1129 2795; x_wconf 76' lang='lat'><strong>192</strong></span> 
     </span>
     <span class='ocr_line' id='line_1_31' title="bbox 58 2804 1085 2889; baseline 0.012 -30"><span class='ocrx_word' id='word_1_262' title='bbox 58 2819 145 2864; x_wconf 83' lang='lat' dir='ltr'><strong>sones</strong></span> <span class='ocrx_word' id='word_1_263' title='bbox 160 2804 296 2880; x_wconf 89' lang='lat' dir='ltr'><strong>deorum,</strong></span> <span class='ocrx_word' id='word_1_264' title='bbox 318 2806 500 2881; x_wconf 91' lang='lat' dir='ltr'><strong>synochitide</strong></span> <span class='ocrx_word' id='word_1_265' title='bbox 516 2809 609 2868; x_wconf 91' lang='lat' dir='ltr'><strong>teneri</strong></span> <span class='ocrx_word' id='word_1_266' title='bbox 625 2808 738 2868; x_wconf 89' lang='lat' dir='ltr'><strong>umbras</strong></span> <span class='ocrx_word' id='word_1_267' title='bbox 759 2809 917 2869; x_wconf 86' lang='lat' dir='ltr'><strong>inferorum</strong></span> <span class='ocrx_word' id='word_1_268' title='bbox 938 2819 1085 2889; x_wconf 88' lang='lat' dir='ltr'><strong>evocatas,</strong></span> 
     </span>
     <span class='ocr_line' id='line_1_32' title="bbox 92 2886 1086 2969; baseline 0.01 -24"><span class='ocrx_word' id='word_1_269' title='bbox 92 2886 254 2947; x_wconf 91' lang='lat' dir='ltr'><strong>dendritide</strong></span> <span class='ocrx_word' id='word_1_270' title='bbox 274 2888 339 2948; x_wconf 90' lang='lat' dir='ltr'><strong>alba</strong></span> <span class='ocrx_word' id='word_1_271' title='bbox 361 2888 479 2949; x_wconf 84' lang='lat' dir='ltr'><strong>defossa</strong></span> <span class='ocrx_word' id='word_1_272' title='bbox 501 2889 554 2950; x_wconf 92' lang='lat' dir='ltr'><strong>suh</strong></span> <span class='ocrx_word' id='word_1_273' title='bbox 577 2891 682 2951; x_wconf 90' lang='lat' dir='ltr'><strong>arbore</strong></span> <span class='ocrx_word' id='word_1_274' title='bbox 702 2909 776 2969; x_wconf 88' lang='lat' dir='ltr'><strong>quae</strong></span> <span class='ocrx_word' id='word_1_275' title='bbox 791 2893 927 2954; x_wconf 90' lang='lat' dir='ltr'><strong>caedatur</strong></span> <span class='ocrx_word' id='word_1_276' title='bbox 942 2896 1086 2955; x_wconf 91' lang='lat' dir='ltr'><strong>securium</strong></span> 
     </span>
     <span class='ocr_line' id='line_1_33' title="bbox 92 2969 1085 3055; baseline 0.009 -28"><span class='ocrx_word' id='word_1_277' title='bbox 92 2969 183 3028; x_wconf 87' lang='lat' dir='ltr'><strong>aciem</strong></span> <span class='ocrx_word' id='word_1_278' title='bbox 199 2987 258 3030; x_wconf 90' lang='lat' dir='ltr'><strong>non</strong></span> <span class='ocrx_word' id='word_1_279' title='bbox 274 2969 416 3031; x_wconf 89' lang='lat' dir='ltr'><strong>hebetari.</strong></span> <span class='ocrx_word' id='word_1_280' title='bbox 452 2971 523 3032; x_wconf 89' lang='lat' dir='ltr'><strong>Sunt</strong></span> <span class='ocrx_word' id='word_1_281' title='bbox 544 2973 632 3033; x_wconf 94' lang='lat' dir='ltr'><strong>multo</strong></span> <span class='ocrx_word' id='word_1_282' title='bbox 651 2974 750 3053; x_wconf 93' lang='lat' dir='ltr'><strong>plures</strong></span> <span class='ocrx_word' id='word_1_283' title='bbox 767 2978 916 3055; x_wconf 86' lang='lat' dir='ltr'><strong>magisque</strong></span> <span class='ocrx_word' id='word_1_284' title='bbox 932 2978 1085 3038; x_wconf 85' lang='lat' dir='ltr'><strong>monstrifi-</strong></span> 
     </span>
     <span class='ocr_line' id='line_1_34' title="bbox 92 3052 1085 3138; baseline 0.012 -29"><span class='ocrx_word' id='word_1_285' title='bbox 92 3067 144 3110; x_wconf 91' lang='lat' dir='ltr'><strong>cae</strong></span> <span class='ocrx_word' id='word_1_286' title='bbox 173 3052 277 3128; x_wconf 86' lang='lat' dir='ltr'><strong>quihus</strong></span> <span class='ocrx_word' id='word_1_287' title='bbox 298 3053 422 3114; x_wconf 88' lang='lat' dir='ltr'><strong>barbara</strong></span> <span class='ocrx_word' id='word_1_288' title='bbox 447 3054 556 3115; x_wconf 88' lang='lat' dir='ltr'><strong>dedere</strong></span> <span class='ocrx_word' id='word_1_289' title='bbox 582 3059 696 3118; x_wconf 91' lang='lat' dir='ltr'><strong>nomina</strong></span> <span class='ocrx_word' id='word_1_290' title='bbox 723 3061 850 3121; x_wconf 85' lang='lat' dir='ltr'><strong>confessi</strong></span> <span class='ocrx_word' id='word_1_291' title='bbox 873 3060 984 3138; x_wconf 90' lang='lat' dir='ltr'><strong>lapides</strong></span> <span class='ocrx_word' id='word_1_292' title='bbox 1006 3079 1085 3137; x_wconf 90' lang='lat' dir='ltr'><strong>csse,</strong></span> 
     </span>
     <span class='ocr_line' id='line_1_35' title="bbox 92 3137 1082 3219; baseline 0.012 -28"><span class='ocrx_word' id='word_1_293' title='bbox 92 3148 149 3192; x_wconf 88' lang='lat' dir='ltr'><strong>non</strong></span> <span class='ocrx_word' id='word_1_294' title='bbox 163 3151 299 3210; x_wconf 87' lang='lat' dir='ltr'><strong>gemmas.</strong></span> <span class='ocrx_word' id='word_1_295' title='bbox 322 3137 407 3196; x_wconf 91' lang='lat' dir='ltr'><strong>nohis</strong></span> <span class='ocrx_word' id='word_1_296' title='bbox 424 3139 493 3197; x_wconf 90' lang='lat' dir='ltr'><strong>satis</strong></span> <span class='ocrx_word' id='word_1_297' title='bbox 507 3140 563 3198; x_wconf 90' lang='lat' dir='ltr'><strong>erit</strong></span> <span class='ocrx_word' id='word_1_298' title='bbox 576 3140 606 3199; x_wconf 89' lang='lat' dir='ltr'><strong>in</strong></span> <span class='ocrx_word' id='word_1_299' title='bbox 616 3139 660 3199; x_wconf 95' lang='lat' dir='ltr'><strong>his</strong></span> <span class='ocrx_word' id='word_1_300' title='bbox 676 3145 845 3219; x_wconf 86' lang='lat' dir='ltr'><strong>coarguisse</strong></span> <span class='ocrx_word' id='word_1_301' title='bbox 855 3143 916 3203; x_wconf 87' lang='lat' dir='ltr'><strong>dira</strong></span> <span class='ocrx_word' id='word_1_302' title='bbox 928 3143 1082 3204; x_wconf 90' lang='lat' dir='ltr'><strong>mendacia.</strong></span> 
     </span>
     <span class='ocr_line' id='line_1_36' title="bbox 59 3216 1125 3302; baseline 0.014 -27"><span class='ocrx_word' id='word_1_303' title='bbox 59 3235 83 3276; x_wconf 84' lang='lat' dir='ltr'><strong>ns</strong></span> <span class='ocrx_word' id='word_1_304' title='bbox 157 3216 203 3275; x_wconf 80' lang='lat'><strong>12.</strong></span> <span class='ocrx_word' id='word_1_305' title='bbox 227 3218 308 3298; x_wconf 87' lang='grc'>(74.)</span> <span class='ocrx_word' id='word_1_306' title='bbox 331 3216 465 3280; x_wconf 86' lang='lat' dir='ltr'><strong>Gemmac</strong></span> <span class='ocrx_word' id='word_1_307' title='bbox 488 3230 519 3281; x_wconf 90' lang='lat' dir='ltr'><strong>ct</strong></span> <span class='ocrx_word' id='word_1_308' title='bbox 545 3232 699 3284; x_wconf 89' lang='lat' dir='ltr'><strong>nascuntur</strong></span> <span class='ocrx_word' id='word_1_309' title='bbox 723 3233 845 3302; x_wconf 91' lang='lat' dir='ltr'><strong>repente</strong></span> <span class='ocrx_word' id='word_1_310' title='bbox 874 3244 969 3287; x_wconf 89' lang='lat' dir='ltr'><strong>novae</strong></span> <span class='ocrx_word' id='word_1_311' title='bbox 1000 3228 1063 3287; x_wconf 90' lang='lat' dir='ltr'><strong>sine</strong></span> <span class='ocrx_word' id='word_1_312' title='bbox 1075 3238 1125 3292; x_wconf 83' lang='lat'><strong>193</strong></span> 
     </span>
     <span class='ocr_line' id='line_1_37' title="bbox 91 3299 1083 3388; baseline 0.014 -31"><span class='ocrx_word' id='word_1_313' title='bbox 91 3299 270 3377; x_wconf 90' lang='lat' dir='ltr'><strong>nominihus,</strong></span> <span class='ocrx_word' id='word_1_314' title='bbox 302 3303 376 3361; x_wconf 90' lang='lat' dir='ltr'><strong>sieut</strong></span> <span class='ocrx_word' id='word_1_315' title='bbox 399 3303 467 3363; x_wconf 95' lang='lat' dir='ltr'><strong>olim</strong></span> <span class='ocrx_word' id='word_1_316' title='bbox 490 3304 520 3364; x_wconf 92' lang='lat' dir='ltr'><strong>iu</strong></span> <span class='ocrx_word' id='word_1_317' title='bbox 539 3305 663 3366; x_wconf 85' lang='lat' dir='ltr'><strong>metallis</strong></span> <span class='ocrx_word' id='word_1_318' title='bbox 685 3308 805 3366; x_wconf 89' lang='lat' dir='ltr'><strong>aurariis</strong></span> <span class='ocrx_word' id='word_1_319' title='bbox 826 3307 974 3388; x_wconf 87' lang='lat' dir='ltr'><strong>Lampsaci</strong></span> <span class='ocrx_word' id='word_1_320' title='bbox 1002 3329 1083 3370; x_wconf 89' lang='lat' dir='ltr'><strong>unam</strong></span> 
     </span>
    </p>
   </div>
   <div class='ocr_carea' id='block_1_3' title="bbox 91 3383 1156 3619">
    <p class='ocr_par' dir='ltr' id='par_1_3' title="bbox 91 3383 1156 3619">
     <span class='ocr_line' id='line_1_38' title="bbox 91 3383 1082 3471; baseline 0.013 -30"><span class='ocrx_word' id='word_1_321' title='bbox 91 3383 235 3443; x_wconf 87' lang='lat' dir='ltr'><strong>iuventam</strong></span> <span class='ocrx_word' id='word_1_322' title='bbox 253 3401 326 3462; x_wconf 88' lang='lat' dir='ltr'><strong>quae</strong></span> <span class='ocrx_word' id='word_1_323' title='bbox 342 3394 464 3465; x_wconf 91' lang='lat' dir='ltr'><strong>propter</strong></span> <span class='ocrx_word' id='word_1_324' title='bbox 479 3387 719 3466; x_wconf 91' lang='lat' dir='ltr'><strong>pulchritudinem</strong></span> <span class='ocrx_word' id='word_1_325' title='bbox 736 3388 901 3452; x_wconf 81' lang='lat' dir='ltr'><strong>Alexandro</strong></span> <span class='ocrx_word' id='word_1_326' title='bbox 915 3396 978 3471; x_wconf 86' lang='lat' dir='ltr'><strong>regi</strong></span> <span class='ocrx_word' id='word_1_327' title='bbox 995 3395 1082 3454; x_wconf 90' lang='lat' dir='ltr'><strong>missa</strong></span> 
     </span>
     <span class='ocr_line' id='line_1_39' title="bbox 92 3466 1156 3551; baseline 0.008 -29"><span class='ocrx_word' id='word_1_328' title='bbox 92 3466 129 3524; x_wconf 90' lang='lat' dir='ltr'><strong>sit</strong></span> <span class='ocrx_word' id='word_1_329' title='bbox 146 3475 248 3526; x_wconf 90' lang='lat' dir='ltr'><strong>auctor</strong></span> <span class='ocrx_word' id='word_1_330' title='bbox 263 3477 309 3528; x_wconf 91' lang='lat' dir='ltr'><strong>est</strong></span> <span class='ocrx_word' id='word_1_331' title='bbox 324 3468 553 3548; x_wconf 87' lang='lat' dir='ltr'><strong>Theophrastus.</strong></span> <span class='ocrx_word' id='word_1_332' title='bbox 584 3471 733 3533; x_wconf 88' lang='lat' dir='ltr'><strong>cochlides</strong></span> <span class='ocrx_word' id='word_1_333' title='bbox 745 3474 1156 3551; x_wconf 42' lang='lat' dir='ltr'><strong>uuouuenuncnnxaa-xea</strong></span> 
     </span>
     <span class='ocr_line' id='line_1_40' title="bbox 131 3554 962 3619; baseline 0.022 -14"><span class='ocrx_word' id='word_1_334' title='bbox 131 3563 208 3609; x_wconf 78' lang='lat' dir='ltr'><strong>roim</strong></span> <span class='ocrx_word' id='word_1_335' title='bbox 221 3567 289 3614; x_wconf 82' lang='lat' dir='ltr'><strong>nar.</strong></span> <span class='ocrx_word' id='word_1_336' title='bbox 304 3569 382 3619; x_wconf 81' lang='lat' dir='ltr'><strong>arsr.</strong></span> <span class='ocrx_word' id='word_1_337' title='bbox 398 3554 435 3616; x_wconf 90' lang='lat' dir='ltr'><strong>V.</strong></span> <span class='ocrx_word' id='word_1_338' title='bbox 916 3562 962 3610; x_wconf 56' lang='grc' dir='ltr'><strong>Ὠ</strong></span> 
     </span>
    </p>
   </div>
   <div class='ocr_carea' id='block_1_4' title="bbox 0 0 1194 3840">
    <p class='ocr_par' dir='ltr' id='par_1_4' title="bbox 0 0 1194 3840">
     <span class='ocr_line' id='line_1_41' title="bbox 0 0 1194 3840; baseline 0 0"><span class='ocrx_word' id='word_1_339' title='bbox 0 0 1194 3840; x_wconf 95' lang='lat' dir='ltr'><strong> </strong></span> 
     </span>
    </p>
   </div>
  </div>
 </body>
</html>
