2378 3840
297 205 377 251 unu.
395 204 487 252 uror.
502 204 627 250 xxxin.
644 202 747 256 8-10.
765 192 915 272 (et-47.)
1064 193 1105 254 27

105 360 201 440 imago
218 375 300 438 quam
314 357 428 436 digesta
446 356 579 416 claritate
594 359 731 417 materiae
746 358 915 435 accipientis
931 358 1037 418 umbra.
1064 367 1105 419 at-

106 461 163 520 qne
186 450 216 500 ut
240 441 332 499 omnia
357 441 393 500 de
416 439 544 517 speculis
569 449 746 517 peragantur
768 443 796 500 in
817 440 874 500 boc
890 441 973 516 loco,
989 449 1104 518 optuma

106 525 181 603 apud
192 525 317 584 maiores
329 524 442 583 fuerant
453 522 633 598 Brundisina,
649 532 753 600 stagno
770 533 800 583 et
812 541 882 584 aere
893 526 1000 583 mixtis.
1022 543 1104 602 prae·

106 609 163 668 lata
185 615 250 666 snut
271 615 422 684 argentea.
468 607 575 684 primus
607 607 678 665 lecit
701 606 843 667 Pasiteles
864 606 960 686 Magni
984 607 1103 686 Pompei

83 700 211 752 saetate.
237 709 331 768 nuper
348 690 428 750 credi
444 698 579 767 coeptum
595 691 752 749 certiorem
767 692 921 767 imaginem
936 691 1017 750 reddi
1032 709 1103 751 auro

106 776 245 854 opposito
264 776 387 835 aversis.
1119 840 1123 851 ,χ

166 859 251 938 (46.)
274 857 391 935 Tinguit
409 857 564 934 Aegyptus
586 864 738 932 argentum
758 866 787 915 ut
808 859 936 917 invasis
958 857 1082 917 Anubim
1096 852 1144 1099 17

105 960 187 1002 suum
202 949 334 1019 spectet,
352 942 521 1018 pingitque,
536 957 593 998 non
609 939 703 999 caelat
719 950 880 1016 argentum.
911 942 985 1001 unde
1001 943 1103 1000 transit

105 1026 225 1084 materia
241 1031 270 1082 et
287 1023 322 1083 ad
339 1021 517 1100 triumphalis
536 1031 662 1100 statuas,
680 1025 837 1102 mirumque
856 1028 965 1085 crescit
980 1026 1104 1103 pretium

70 1132 95 1172 ro
104 1108 228 1184 fulgoris
249 1108 407 1166 excaecati,
443 1106 471 1165 id
492 1114 587 1166 autem
610 1108 641 1165 nt
664 1106 720 1166 hoc
749 1107 850 1167 modo:
881 1110 1039 1168 miscentur
1060 1125 1103 1166 ar-

103 1201 194 1268 gento
217 1191 323 1251 tertiae
345 1192 423 1250 aeris
442 1187 541 1267 Cyprii
564 1191 726 1250 tenuissimi
749 1191 827 1270 quod
847 1193 1031 1252 coronarium
1053 1208 1103 1250 vo·

104 1284 168 1334 cant
185 1284 215 1336 et
231 1275 358 1353 sulpuris
375 1276 433 1334 vivi
450 1282 584 1353 quantum
602 1276 729 1352 argenti,
745 1275 906 1336 conflantur
918 1279 958 1337 ita
973 1278 1002 1335 in
1021 1274 1101 1334 fictili

104 1359 264 1418 circumlito
284 1358 404 1435 argilla,
427 1357 528 1416 modus
550 1359 712 1436 coquendi,
728 1359 822 1419 donec
837 1379 870 1419 se
885 1362 948 1438 ipsa
964 1358 1103 1437 opercula

105 1443 246 1519 aperiant.
293 1443 435 1518 nigrescit
455 1441 502 1499 ovi
522 1441 647 1499 indurati
669 1442 768 1518 luteo,
797 1451 827 1500 ut
847 1452 941 1503 tamen
962 1451 1048 1501 aceto
1073 1450 1103 1500 et

70 1551 95 1590 15
105 1532 185 1582 creta
201 1524 358 1583 deteratur.
390 1523 506 1581 Miscuit
520 1522 639 1581 denario
656 1526 786 1583 triumvir
802 1524 946 1585 Antonius
960 1527 1080 1600 ferrum,
1095 1535 1145 1589 132

103 1608 226 1665 miscent
242 1623 310 1665 aera
326 1606 417 1665 falsae
431 1612 583 1681 monetae,
602 1605 676 1664 aliae
692 1606 823 1683 pondere
841 1608 1027 1685 subtrabunt,
1040 1626 1103 1667 cum

105 1691 141 1750 sit
157 1692 263 1749 iustum
278 1687 442 1747 LXXXllll
465 1706 481 1746 e
499 1687 582 1746 libris
598 1689 718 1764 signari.
752 1691 841 1765 igitur
858 1709 905 1751 ars
922 1693 997 1751 facta
1016 1691 1102 1750 dena-

104 1776 165 1834 rios
181 1774 327 1851 probare,
350 1781 405 1832 tam
428 1772 551 1831 iucunda
566 1771 664 1848 plebei
686 1772 754 1848 lege
777 1780 807 1830 ut
825 1772 917 1833 llario
934 1772 1101 1833 Gratidiano

104 1859 219 1917 vicatim
232 1866 307 1916 totas
324 1865 431 1916 statuas
448 1855 597 1915 dicaverit.
626 1857 797 1934 mirumque,
812 1857 841 1915 in
855 1857 909 1916 bac
924 1855 1027 1916 artium
1039 1856 1102 1916 sola

69 1943 173 2001 novitia
186 1941 333 2001 discuntur
346 1948 376 2000 et
391 1940 454 1999 falsi
467 1940 567 1999 denari
583 1948 731 2017 spectatur
747 1941 895 2018 exemplar
910 1939 1101 2018 pluribusque

104 2028 182 2086 veris
198 2025 325 2085 denariis
341 2024 518 2084 adulterinus
537 2026 648 2084 emitur.

180 2110 226 2169 10.
251 2109 334 2186 (47.)
355 2108 421 2168 Non
442 2117 505 2168 erat
521 2108 595 2185 apud
617 2109 752 2185 antiquos
770 2127 905 2169 numerus
920 2107 995 2168 ultra
1011 2126 1079 2168 ceu·
1094 2081 1175 2172 Nl(

105 2199 163 2249 tum
182 2191 278 2266 milia,
302 2193 401 2266 itaque
427 2199 456 2249 et
479 2190 566 2250 hodie
581 2191 806 2268 multiplicantur
821 2192 909 2268 baec,
936 2201 966 2251 ut
982 2193 1101 2252 deciens

105 2282 228 2333 centena
244 2282 293 2332 aut
307 2274 424 2349 saepius
440 2272 578 2331 dicantur.
622 2274 724 2333 faenus
747 2273 802 2334 hoc
823 2277 894 2334 fecit
913 2293 1101 2353 nummusque

69 2377 95 2418 ιι
105 2375 279 2435 percussus,
304 2363 333 2414 et
356 2356 399 2413 sic
425 2371 541 2431 quoque
556 2371 607 2413 aes
622 2354 747 2415 alienum
761 2359 913 2417 etiamnum
929 2358 1099 2436 appellatur.

105 2449 210 2519 postea
233 2440 347 2500 Diuites
371 2437 582 2514 cognominati,
610 2436 761 2498 dummodo
784 2449 883 2499 notum
907 2442 944 2499 sit
967 2459 1031 2499 eum
1052 2443 1100 2518 qui

105 2528 213 2604 primus
232 2526 290 2585 boc
306 2539 469 2599 cognomen
485 2520 632 2596 acceperit
649 2519 804 2581 decoxisse
821 2522 1015 2582 creditoribus
1032 2527 1100 2584 suis.

105 2626 144 2667 ex
158 2607 258 2667 eadem
270 2614 359 2684 gente
373 2604 412 2664 Μ.
430 2601 551 2663 Crassus
568 2602 693 2678 negabat
710 2603 885 2682 locupletem
904 2608 1014 2666 esseni
1032 2610 1080 2684 qui
1094 2619 1144 2672 134

105 2689 199 2748 reditu
214 2707 307 2749 annuo
324 2689 472 2766 legionem
485 2687 558 2745 tueri
574 2695 686 2763 posset,
707 2689 736 2745 in
752 2690 830 2765 agris
845 2688 902 2749 HS.
921 2685 1019 2772 1559
1034 2707 1102 2768 pos-

69 2772 181 2835 nosedit
197 2769 349 2842 Quiritium
367 2779 435 2848 post
452 2768 559 2828 Sullam
580 2770 777 2831 divitissimus.
813 2792 869 2832 nec
883 2775 1028 2841 fuit.satis
1045 2776 1099 2834 nisi

105 2863 196 2914 toturn
211 2854 380 2914 Parthorum
395 2862 565 2929 usnrpasset
581 2871 696 2931 aurum,
714 2863 801 2932 atque
816 2865 846 2915 ut
860 2860 1026 2918 memoriam
1041 2861 1101 2936 qui·

105 2937 170 2997 dem
191 2954 277 3015 opum
297 2938 501 3013 occupaverit,
519 2971 562 2982 —
582 2939 661 2996 iuvat
682 2939 758 2997 enim
781 2941 918 3000 insectari
937 2942 1101 3020 inexplebi-

105 3021 162 3081 lem
176 3021 258 3080 istam
271 3019 396 3079 habendi
412 3020 591 3097 cupidinem,
608 3055 645 3064 -
662 3020 768 3080 multos
789 3033 893 3100 postea
912 3027 1100 3100 cognovimus

105 3105 247 3165 servitute
262 3103 404 3163 liberatos
424 3103 641 3181 opulentiores,
658 3105 824 3183 pariterque
840 3109 892 3166 tris
909 3104 1008 3166 Claudi
1025 3110 1101 3185 prin·

69 3213 94 3254 ³5
104 3190 212 3267 cipeto,
228 3187 315 3267 paulo
328 3196 406 3265 ante,
422 3185 582 3263 Callistum,
598 3187 774 3266 Pallantem,
790 3189 964 3250 Narcissum.
994 3199 1080 3269 atque
1092 3202 1143 3258 135

104 3282 135 3333 ut
154 3272 183 3333 bi
206 3273 392 3348 omittantur,
416 3280 556 3349 tamquam
578 3271 669 3331 adbuc
686 3290 781 3332 rerum
798 3275 961 3352 potiantur,
983 3271 1016 3334 C.
1035 3275 1101 3334 Asi-

103 3358 152 3416 nio
171 3354 253 3416 Calle
273 3353 306 3420 C.
322 3354 433 3415 Marcio
450 3353 613 3415 Censorino
629 3374 707 3416 coss.
727 3376 753 3417 a.
769 3358 796 3418 d.
813 3357 862 3417 Vl.
880 3355 945 3417 llal.
960 3357 1049 3418 Febr.
1066 3357 1099 3421 C.

103 3437 249 3500 Caecilius
267 3437 404 3500 Claudius
419 3439 549 3500 Isidorus
574 3447 749 3500 testamento
768 3459 822 3501 suo
844 3441 956 3516 edixit,
972 3445 1110 3515 quam-ais
1182 3492 1188 3500 .
