2378 3840
319 204 401 252 ιιι.
418 204 509 253 rursu.
528 205 635 252 xxxv.
652 201 677 253 a.
701 203 726 257 a.
743 192 859 270 (a—o.)
1050 178 1090 253 69

93 361 198 421 bantur
220 360 377 437 imagines,
400 359 475 420 unde
500 366 531 419 et
551 376 655 418 nomen
672 357 801 418 habuere
820 356 997 434 clipeorum,
1020 375 1089 434 uon,

94 452 125 504 ut
158 461 298 521 perversa
325 446 575 520 grammaticorum
600 442 745 520 suptilitas
771 441 879 515 voluit,
913 457 929 498 a
954 439 1087 500 cluendo.

95 527 180 603 origo
192 525 279 604 plena
290 529 418 604 virtutis,
433 527 537 587 faciem
548 525 629 586 reddi
645 527 674 584 in
686 534 769 585 scuto
785 525 924 601 cuiusque
937 525 984 601 qui
1000 524 1090 583 luerit

94 629 162 670 usus
180 609 240 670 illo.
271 609 416 670 Poenica
433 627 504 670 auro
522 610 693 670 factitavere
715 618 745 669 et
763 608 875 686 clipeos
893 616 923 667 et
939 609 1079 685 imagines
1099 618 1132 672 ld

71 711 250 772 eseoumque
265 695 294 753 in
310 695 413 753 eastris
430 712 551 754 vexere.
587 701 669 753 certe
685 694 777 770 captis
799 691 886 752 talem
901 690 1088 750 Hasdrubalis

93 778 204 837 invenit
218 776 343 837 lllareius
357 775 524 854 Scipionum
547 779 577 837 in
592 776 730 855 llispania
751 775 845 851 ultor,
870 777 953 852 isque
975 774 1088 852 clipeus

93 879 180 939 supra
201 861 275 921 ioris
296 857 477 939 Capitolinae
505 860 586 921 aedis
611 859 759 938 usquead
783 857 945 918 incendium
968 859 1088 935 primurn

92 945 155 1004 luit.
185 945 325 1003 maiorum
339 944 455 1021 quidem
468 953 634 1004 nostrorum
648 952 725 1003 tauta
741 943 883 1003 securitas
898 941 927 998 in
944 959 978 1000 ea
994 960 1027 1000 re
1043 941 1090 999 ad·

92 1034 227 1102 notatur,
243 1035 274 1086 ut
289 1026 321 1085 t.
337 1024 462 1101 Manlio,
482 1023 516 1098 Q.
530 1026 634 1086 Fulvio
656 1044 733 1087 coss.
759 1043 833 1086 anno
850 1025 930 1084 urbis
946 1022 1087 1083 DLXXV.

57 1107 129 1170 roll.
149 1109 280 1169 Aufidius
298 1109 407 1170 tutelae
424 1107 571 1189 Capitolio
589 1110 758 1187 redemptor
774 1109 907 1170 docuerit
923 1118 1023 1185 patres
1045 1126 1088 1168 ar-

92 1201 219 1271 genteos
240 1212 309 1254 esse
328 1193 441 1272 clipeos
462 1196 511 1273 qui
534 1211 588 1272 pro
606 1195 702 1254 aereis
719 1211 773 1272 per
788 1193 899 1270 aliquot
921 1194 975 1252 iam
997 1191 1088 1251 lustra

92 1276 324 1356 adsignabantur.

155 1362 215 1442 (5.)
227 1361 272 1422 De
291 1363 423 1441 picturae
439 1364 528 1422 initiis
547 1364 658 1422 incerta
675 1379 731 1422 neo
748 1362 871 1420 instituti
884 1361 985 1438 operis
998 1377 1085 1436 quae·
1098 1371 1131 1422 15

92 1447 150 1504 stio
166 1454 220 1505 est.
246 1445 387 1523 Aegyptii
399 1464 454 1505 sex
468 1445 584 1505 milibus
601 1463 740 1506 annorum
756 1444 831 1522 apud
846 1445 928 1520 ipsos
944 1445 1090 1503 inventam
1122 1452 1149 1525 f

57 1545 82 1586 re
92 1530 258 1606 priusquam
268 1530 298 1586 in
309 1527 460 1588 Graeciam
471 1530 609 1588 transiret
620 1526 767 1587 adfirmant
775 1543 847 1586 vana
860 1525 1088 1603 praedicatione·
1096 1532 1121 1575 J

11 1686 13 1690 .
92 1619 122 1670 ut
140 1611 232 1689 palam
248 1619 311 1687 est,
328 1608 431 1671 Graeci
450 1619 545 1671 autem
560 1610 608 1670 alii
624 1610 751 1686 Sicyone
766 1608 814 1668 alii
830 1608 906 1686 apud
921 1606 1103 1674 Corinthios
1128 1645 1130 1649 .

92 1702 255 1772 repertam,
275 1711 376 1755 omnes
397 1695 496 1755 umbra
518 1694 641 1754 hominis
663 1693 740 1752 liniis
756 1692 956 1752 circumducta.
989 1694 1088 1768 itaque

92 1780 211 1856 primaru
227 1777 332 1855 talem,
355 1779 509 1839 secundam
525 1777 647 1855 singulis
664 1775 813 1836 coloribus
826 1783 857 1834 ct
871 1775 1118 1837 honorumue-,1

92 1871 143 1922 ton
158 1861 260 1922 dictam
278 1871 431 1941 postquam
446 1863 603 1941 operosior
623 1863 741 1920 iuventa
764 1867 843 1937 erat,
864 1859 1004 1936 duratque
1022 1857 1088 1917 talis

55 1947 178 2005 acetiam
200 1964 282 2006 nune.
320 1943 474 2007 Inventam
507 1947 639 2007 liniarem
660 1963 676 2004 a
696 1943 828 2004 Philocle
854 1943 1004 2021 Aegyptio
1032 1941 1131 2006 veliti

92 2027 234 2092 Cleanthe
251 2028 404 2091 Corinthio
432 2032 515 2110 primi
540 2048 705 2091 exercuere
720 2029 856 2089 Aridiees
874 2025 1041 2088 Corinthius
1059 2034 1088 2086 et

92 2112 276 2191 Telephanes
287 2114 522 2193 Sicyoniumque
532 2115 592 2175 ullo
602 2117 755 2175 etiamnum
765 2113 794 2173 hi
802 2113 916 2190 colore,
925 2115 979 2172 iam
992 2121 1087 2171 tamen

91 2204 265 2274 spargentes
282 2195 365 2256 linias
383 2200 469 2256 intus.
503 2198 571 2257 ideo
594 2207 624 2258 ct
644 2216 718 2276 quos
738 2199 894 2275 pingerent
918 2196 1087 2257 adscribere

90 2279 259 2338 institutum.
291 2279 401 2339 Primus
420 2281 531 2340 invenit
552 2299 602 2339 aas
620 2281 780 2356 colorare,
805 2280 907 2339 colore
923 2288 1035 2356 testae,
1057 2286 1088 2337 ut

55 2363 203 2439 coierunt,
224 2363 327 2440 tritae,
350 2360 517 2440 Ecphantus
540 2360 717 2422 Corinthius.
753 2363 828 2423 hunc
849 2363 954 2422 eodem
972 2363 1088 2420 nomine

89 2445 176 2506 alium
189 2447 282 2507 luisse
300 2464 383 2525 quam
405 2464 490 2525 quem
512 2445 599 2507 tradit
616 2443 770 2506 Cornelius
784 2443 886 2523 Nepos
906 2453 1036 2505 secutum
1059 2443 1088 2500 in

89 2529 200 2591 ltaliam
228 2531 410 2592 Demaratum
440 2529 576 2609 Tarquini
603 2529 695 2589 Prisci
717 2527 838 2588 Romani
872 2529 952 2605 regis
977 2534 1089 2604 patrem

89 2614 250 2690 lugientem
262 2633 277 2673 a
288 2613 430 2675 Corintho
444 2615 556 2691 tyranni
569 2615 688 2673 iniurias
700 2610 820 2690 Cypseli
831 2629 900 2671 mox
909 2609 1088 2671 docebimus.
1096 2628 1131 2663 aaa

153 2696 211 2776 (6.)
230 2697 289 2756 lam
305 2701 382 2759 euim
399 2699 534 2759 absoluta
553 2705 617 2759 erat
632 2698 745 2776 pictura
759 2697 845 2757 etiam
859 2697 889 2754 in
907 2694 997 2754 ltalia.
1033 2712 1082 2753 ex·
1099 2705 1130 2759 tt

55 2788 168 2842 eostaut
190 2789 273 2841 certe
292 2781 438 2860 hodieque
465 2784 645 2861 antiquiores
668 2779 741 2840 urbc
766 2781 897 2858 picturae
918 2777 1035 2838 Ardeae
1059 2780 1088 2836 in

90 2863 211 2925 aedibus
236 2867 345 2942 saeris,
368 2864 472 2944 quibus
508 2866 642 2944 equidem
669 2863 762 2924 nullas
783 2881 876 2942 aeque
897 2864 1005 2938 miror,
1033 2870 1088 2921 tam

90 2947 180 3024 longo
196 2966 270 3009 aevo
286 2949 423 3010 durantes
437 2951 467 3008 in
483 2950 610 3011 orbitate
627 2950 698 3010 teeti
712 2947 804 3008 veluti
816 2956 962 3008 recentes.
990 2947 1088 3005 simili-

90 3041 138 3092 ter
156 3032 274 3109 Laniui,
296 3031 345 3093 ubi
368 3032 504 3094 Atalante
533 3042 564 3094 et
586 3032 698 3094 Helena
723 3032 878 3092 comminus
904 3034 1000 3110 pictae
1022 3036 1088 3088 sunt

89 3115 182 3176 nudae
198 3116 234 3176 ab
251 3116 355 3177 eodem
369 3116 499 3194 artilloe,
516 3125 637 3194 utraque
654 3116 900 3177 excellentissima
916 3115 1019 3188 forma,
1036 3110 1089 3171 sed

54 3198 124 3247 Ἠ*
140 3200 233 3262 altera
245 3208 276 3260 ut
286 3201 384 3279 virgo,
400 3219 438 3261 ne
453 3202 545 3262 ruinis
557 3200 673 3278 quidem
684 3200 784 3280 templi
801 3216 971 3260 concussae.
1001 3195 1087 3255 Gaius
1098 3204 1132 3258 18

89 3286 227 3365 princepe
243 3283 352 3347 tollere
368 3302 418 3345 eas
434 3293 555 3346 conatus
572 3293 617 3345 est
633 3285 753 3345 libidine
770 3301 928 3360 accensus,
945 3283 970 3343 si
982 3280 1088 3341 teotori

89 3376 189 3430 natura
212 3369 404 3448 permisisset.
441 3369 545 3429 durant
568 3376 598 3428 et
622 3366 716 3429 Caere
744 3368 929 3446 antiquiores¹
947 3374 977 3427 ct
997 3367 1088 3443 ipsae.

88 3452 286 3532 fatebiturque
306 3454 437 3532 quisquis
458 3472 508 3514 eas
532 3451 690 3530 diligenter
708 3451 909 3513 aestimaverit
926 3448 1101 3508 nullamn-
