2378 3840
110 165 150 225 62
459 177 489 225 c.
505 177 602 226 amru
617 177 768 226 succum

110 331 228 391 Graecis
240 331 416 411 appellatum
422 333 593 391 cassiterum
601 329 793 408 fabuloseque
805 338 948 389 narratum
958 331 987 390 in
998 331 1108 392 insulas

109 414 249 474 Atlantici
266 417 352 477 maris
370 417 430 492 peti
445 415 634 492 vitilibusque
649 415 771 490 navigiis
788 422 817 472 et
828 415 1007 473 circumsutis
1023 417 1108 474 corio

111 498 222 558 advehi.
261 517 336 558 nunc
357 506 467 557 certum
488 507 534 558 est
554 500 583 557 in
596 498 742 557 Lusitania
762 498 842 575 gigni
865 505 896 556 et
913 499 942 556 in
962 495 1107 558 Gallaecia

110 600 216 641 summa
232 582 338 641 tellure
354 581 498 643 harenosa
514 590 543 642 et
560 581 668 641 coloris
685 582 769 658 nigri.
800 579 931 659 pondere
948 589 1056 641 tantum
1072 599 1108 641 ea

68 674 116 730 157
130 665 372 742 deprehenditur,
389 667 584 725 interveniunt
601 673 631 725 et
648 666 747 723 minuti
763 664 881 739 calculi,
900 682 1031 725 maxume
1048 673 1130 729 tor-5

110 749 240 808 rentibus
262 750 386 808 siccatis.
414 748 510 809 lavant
525 767 575 808 eas
593 748 716 809 harenas
730 747 885 823 metallici,
901 756 930 806 et
947 747 1025 824 quod
1040 749 1107 808 snb-

111 831 188 892 sedit
209 840 313 893 cocunt
333 834 362 891 in
378 833 554 894 fornacibus.
588 832 738 892 Invenitur
754 840 784 891 et
799 833 828 890 in
844 832 966 890 aurariis
982 831 1106 892 metallis

111 934 185 993 quae
209 916 311 975 alutias
334 925 456 992 vocant,
479 933 551 994 aqua
570 917 688 977 inmissa
713 916 831 975 eluente
854 913 983 974 calculos
1004 917 1106 991 nigros

110 999 234 1077 paullum
249 998 376 1059 candore
391 1002 534 1077 variatos,
557 1001 661 1078 quibus
683 999 785 1058 eadem
799 998 927 1075 gravitas
945 1015 1019 1075 qnae
1035 1016 1107 1057 auro

111 1091 141 1143 et
156 1082 223 1143 ideo
240 1084 269 1142 in
285 1082 405 1143 calathis
420 1083 524 1160 quibus
538 1101 637 1143 aurum
651 1082 800 1159 colligitur
815 1099 878 1142 cum
893 1099 929 1141 co
945 1091 1144 1158 remanent,1o

110 1175 215 1243 postea
230 1165 351 1225 camillis
368 1175 540 1242 separantur
555 1165 730 1243 conflatique
748 1167 777 1225 in
792 1164 937 1244 plumbum
952 1165 1048 1224 album
1061 1183 1107 1225 re-

68 1259 119 1313 158
131 1248 292 1308 solvontur.
324 1247 390 1307 Non
406 1249 437 1306 lit
455 1248 487 1307 in
500 1247 644 1309 Gallaecia
665 1251 795 1326 nigrum,
817 1266 880 1308 cum
894 1250 988 1308 vicina
1004 1245 1106 1309 Canta·

110 1330 174 1391 bria
188 1332 273 1407 nigro
289 1339 397 1391 tantum
410 1332 552 1409 abundet,
575 1349 630 1392 nec
653 1351 692 1392 ex
706 1332 773 1392 albo
790 1341 957 1409 argentum,
980 1350 1043 1391 cum
1058 1332 1107 1391 fiat

112 1432 149 1472 cx
170 1416 263 1491 nigro.
307 1416 387 1491 iungi
413 1416 492 1477 inter
512 1435 545 1475 se
569 1415 714 1494 plumbum
736 1417 849 1494 nigrum
871 1418 934 1476 sine
956 1415 1023 1475 albo
1048 1434 1106 1476 non

110 1505 209 1575 potest
224 1516 279 1558 nec
301 1497 357 1557 boc
378 1499 442 1558 sine
465 1498 548 1575 oleo,
570 1516 603 1558 ac
623 1518 660 1559 nc
683 1498 778 1558 album
795 1500 909 1577 quidem
925 1517 1023 1558 secum
1040 1500 1140 1559 sinere

109 1583 203 1658 nigro.
235 1582 330 1642 album
347 1581 446 1642 babuit
460 1583 661 1643 auctoritatem
677 1590 707 1643 et
721 1582 817 1643 Iliacis
833 1583 1012 1660 temporibus
1028 1591 1107 1642 teste

68 1674 119 1729 159
134 1664 273 1742 Homero,
290 1667 461 1726 cassiterum
475 1666 510 1725 ab
526 1665 577 1725 illo
594 1665 709 1728 (lictum.
737 1665 849 1726 Plumbi
864 1667 939 1742 nigri
957 1666 1042 1743 origo
1057 1665 1108 1726 du·

110 1748 181 1826 plex
197 1757 257 1825 est,
279 1757 326 1808 aut
342 1751 418 1809 enim
433 1768 483 1809 sua
499 1752 636 1828 provenit
650 1768 724 1810 vena
740 1751 960 1828 necquicquam
976 1749 1052 1809 aliud
1068 1768 1107 1809 ex

109 1851 184 1912 sese
200 1834 294 1910 parit,
318 1841 366 1891 aut
388 1851 450 1893 curn
471 1841 593 1910 argento
613 1835 740 1893 nascitur
761 1834 917 1910 mixtisque
939 1835 1022 1894 venis
1037 1850 1106 1893 con-

110 1915 202 1976 llatur.
232 1916 316 1975 huius
338 1917 386 1992 qni
408 1918 516 1994 primus
538 1915 600 1975 fluit
620 1918 650 1976 in
673 1916 839 1976 fornacibus
855 1916 952 1993 liquor
976 1925 1108 1993 stagnum
1116 1931 1143 1971 ao

111 1999 290 2076 appellatur,
308 2002 355 2075 qui
372 1999 515 2058 secundus
532 2009 698 2076 argentum,
715 2000 793 2078 quod
809 2002 946 2060 remansit
963 2002 993 2060 in
1010 2000 1107 2059 forna·

110 2082 192 2141 cibus
211 2081 327 2158 galena,
344 2099 418 2158 quae
436 2083 468 2141 iit
483 2084 570 2142 tertia
585 2085 683 2160 portio
701 2084 815 2143 additae
829 2101 923 2144 venae
954 2082 1027 2144 baec
1045 2102 1107 2143 rur-

110 2184 158 2223 sus
181 2163 304 2224 conflata
333 2164 380 2224 dat
404 2167 517 2242 nigrum
541 2166 687 2244 plumbum
710 2167 840 2227 deductis
867 2165 997 2245 partibus
1021 2167 1106 2226 nonis

109 2247 225 2307 duabus.

67 2341 118 2397 160
193 2333 242 2391 17.
265 2331 345 2411 (48.)
366 2331 503 2411 Stagnum
523 2334 635 2394 inlitum
657 2335 755 2394 aereis
778 2335 856 2393 vasis
878 2350 1014 2411 saporem
1036 2332 1143 2393 tacitas

107 2417 267 2493 gratiorem
288 2424 318 2476 et
339 2418 492 2495 conpescit
511 2419 590 2477 virus
607 2419 772 2495 aeruginis,
793 2419 969 2495 mirumque,
992 2417 1106 2493 pondus

67 2520 96 2562 a,
110 2519 144 2554 no
166 2518 224 2559 non
240 2509 338 2577 anget.
361 2500 480 2579 specula
498 2503 584 2561 etiam
600 2519 689 2562 exeo
706 2500 910 2577 laudatissima,
926 2508 958 2559 ut
972 2499 1106 2574 diximus,

108 2582 240 2643 Brundisi
257 2584 509 2661 temperabantur,
530 2584 624 2644 donec
640 2584 788 2661 argenteis
804 2586 846 2643 uti
862 2601 991 2662 coepero
1012 2589 1043 2642 et
1057 2599 1107 2643 an·

109 2666 202 2726 oillae.
239 2685 313 2726 nuuc
330 2666 507 2727 adulteratur
528 2676 660 2744 stagnum
677 2666 772 2726 addita
793 2669 870 2727 aeris
890 2663 1001 2729 candidi
1020 2667 1107 2727 tertia

109 2751 245 2826 portione
258 2749 438 2826 inplumbum
449 2749 551 2809 album.
571 2751 603 2809 fit
615 2758 646 2810 et
656 2750 713 2810 alio
725 2751 811 2811 modo
822 2751 985 2811 mixtisalbi
997 2749 1105 2828 plumbi
1116 2765 1143 2807 ao

109 2833 244 2909 nigrique
259 2831 351 2891 libris.
377 2831 433 2891 hoc
443 2849 518 2892 nunc
530 2833 617 2910 aliqui
631 2836 824 2911 argentarium
837 2833 992 2914 appellant.
1019 2832 1106 2893 iidem

111 2922 141 2973 et
163 2916 323 2975 tertiarium
343 2923 463 2993 vocant,
490 2917 519 2975 in
540 2934 597 2994 quo
620 2917 694 2978 duae
714 2927 780 2979 sunt
801 2920 876 2996 nigri
896 2919 1049 2996 portiones
1076 2924 1107 2976 et

109 3000 194 3058 tertia
209 2997 275 3057 albi.
306 3000 431 3076 pretium
443 3000 506 3059 eius
518 3001 548 3059 in
559 3000 648 3061 libras
663 3000 692 3061 X
706 3017 762 3062 xx.
779 3002 835 3062 boc
850 3002 964 3062 fistulae
979 2999 1106 3060 solidan-

68 3093 116 3148 161
133 3091 189 3143 tur.
220 3082 408 3160 inprobiores
426 3083 461 3144 ad
475 3085 634 3144 tertiarium
655 3085 757 3146 additis
773 3085 903 3165 partibus
925 3086 1026 3163 aequis
1047 3083 1105 3143 albi

110 3169 305 3245 argentarium
326 3176 431 3228 vocant
453 3175 484 3227 et
507 3186 544 3228 eo
566 3186 639 3246 quae
664 3170 765 3229 volunt
786 3170 953 3246 incoquont.
982 3168 1143 3247 pretiumm

109 3251 192 3312 buius
208 3253 315 3313 faciunt
330 3252 360 3310 in
375 3250 472 3330 pondo
490 3250 611 3313 Xuxx.
641 3253 707 3313 albo
724 3271 777 3332 per
794 3272 827 3314 se
844 3255 961 3313 sincero
982 3251 1108 3330 pretium

110 3344 175 3395 sunt
192 3334 220 3395 X
234 3349 348 3411 cxxx,
374 3338 458 3413 nigro
480 3333 507 3394 X
524 3350 582 3396 vn.
618 3336 687 3397 nltn
707 3345 808 3398 natura
827 3336 891 3415 plus
913 3335 984 3396 aridi
1007 3333 1108 3410 babet,

106 3427 269 3496 contraque
291 3420 366 3497 nigri
387 3427 449 3478 tota
469 3420 563 3481 umida
587 3429 641 3482 est.
678 3420 746 3481 irleo
771 3420 867 3481 album
887 3419 957 3479 nulli
977 3420 1022 3479 rei
1042 3418 1109 3478 sine
1155 3480 1161 3489 ,
