2378 3840
302 166 634 215 unm1r1snxxx1n.
659 164 682 216 3.
704 163 728 214 4.
753 149 901 234 (rc-ar.)
1065 151 1103 212 15

100 322 155 382 alia
169 323 299 381 materia.
332 321 467 381 Attalicis
483 338 555 380 vero
572 318 740 397 iampridem
765 319 902 377 intexitur
920 319 1040 378 invento
1056 335 1104 377 re·

99 405 409 568 gumoedosrpemmori
432 496 463 547 et
484 489 519 547 iis
543 506 617 567 quae
639 486 796 547 candefieri
821 502 878 544 non
901 491 1024 562 possunt
1051 484 1144 547 orior

100 571 221 633 candido
239 572 388 648 inlinitur,
407 571 488 648 ligno
504 573 606 648 glutini
624 573 737 630 ratione
756 570 926 646 conposita,
943 566 1102 645 leucopho-

24 673 27 679 ·
77 674 162 722 rrum
177 665 290 715 vocant.
323 655 390 733 quid
409 656 518 715 sithoc
538 664 586 715 aut
602 652 838 734 quemadmodum
855 651 904 712 liat
929 668 982 711 suo
1001 650 1068 710 loco
1080 669 1110 711 ss,
1122 669 1144 702 n

100 739 276 800 docebimus.
315 739 376 799 hes
392 740 516 799 inaurari
537 747 659 816 argento
675 739 742 796 vivo
757 744 805 796 aut
821 745 903 796 certe
919 735 1100 812 hydrargyro

99 823 258 900 legitimum
288 833 370 900 erat,
394 823 429 882 de
452 823 515 900 quis
542 823 670 883 dicemus
685 821 801 881 illorum
822 827 951 880 naturum
973 819 1095 879 redden·
1108 815 1143 892 H?

100 915 154 966 tes.
200 907 365 983 excogitata
391 906 469 966 lraus
496 915 559 983 est,
588 924 710 981 namque
740 923 791 963 aes
818 905 963 964 cruciatur
986 904 1015 962 in
1040 904 1142 981 pri-65

98 991 152 1049 mis
174 1007 384 1067 accensumque
409 990 600 1067 restinguitur
623 989 701 1064 sale,
722 996 825 1063 aceto,
848 987 971 1046 alumine
997 995 1100 1064 postea

10 1071 11 1074 '
65 1097 88 1136 no
99 1073 305 1148 exherenatnr,
322 1091 357 1131 au
370 1074 439 1131 satis
453 1081 601 1132 recoctum
618 1073 654 1130 sit
672 1070 829 1150 splendore
846 1069 1098 1147 deprehendente,

98 1158 261 1233 iterumque
279 1155 429 1215 exhalatur
444 1157 521 1234 igni,
538 1165 568 1215 ut
584 1157 678 1233 possit
694 1154 848 1214 edomitum
864 1154 960 1214 mixtis
978 1155 1100 1232 pumice,

99 1241 240 1315 alumine,
261 1248 384 1317 argento
408 1241 476 1299 viro
502 1240 632 1300 inductas
654 1241 790 1317 accipere
809 1238 948 1298 bratteas.
987 1237 1100 1297 alumen

99 1327 128 1382 in
144 1323 292 1402 purgando
313 1325 369 1383 vim
385 1324 474 1384 habet
489 1324 604 1402 qualem
616 1342 684 1383 csse
700 1322 821 1383 diximus
836 1322 963 1401 plumbo.
1040 1352 1051 1360 -
1119 1339 1143 1373 ro
1180 1374 1182 1379 .

163 1408 191 1466 4.
209 1407 260 1486 (21
270 1411 292 1484 .)
309 1408 417 1467 hurum
430 1409 575 1467 invenitur
586 1409 725 1466 innostro
739 1406 824 1483 orbe,
835 1415 867 1465 ut
879 1407 1041 1465 omittamus
1051 1404 1096 1462 lu·
1109 1413 1125 1466 6

65 1519 89 1558 ιε,
100 1492 193 1550 dicum
209 1508 224 1548 a
241 1491 370 1549 lormicis
388 1499 436 1548 aut
451 1490 525 1568 apud
542 1488 664 1565 Scythas
679 1491 780 1567 grypis
794 1497 917 1564 erutum,
934 1487 1020 1565 [apud
1034 1487 1099 1563 nos}

102 1573 194 1632 trihus
207 1572 316 1631 modis:
334 1571 477 1631 huminum
490 1574 639 1647 ramentis,
654 1581 684 1631 ut
700 1575 729 1630 iu
741 1570 823 1647 'lego
836 1571 1004 1648 Hispaniae,
1020 1568 1098 1628 Pado

100 1656 201 1716 ltaliae
211 1698 220 1732 ,
235 1653 333 1714 Hebro
351 1654 509 1731 Thraciae,
524 1654 644 1714 Pactolo
660 1654 768 1729 Asiae,
787 1653 886 1730 Gange
905 1653 1021 1728 Indiae,
1045 1671 1099 1713 nee

100 1734 189 1799 ullum
206 1738 367 1799 ahsolutius
386 1756 484 1798 aurum
499 1747 560 1815 est,
581 1747 610 1796 ut
626 1755 712 1796 cursu
729 1738 794 1814 ipso
818 1738 976 1813 attrituque
993 1753 1100 1814 perpo-

99 1824 189 1882 litum.
228 1823 285 1882 alio
307 1823 392 1882 modo
415 1831 568 1900 puteorum
585 1819 738 1881 scrobihus
758 1818 894 1880 effoditur
909 1827 956 1878 aut
972 1821 1000 1876 in
1020 1819 1099 1876 ruina

63 1935 89 1973 20
99 1909 235 1966 montium
250 1909 416 1985 quaeritur,
440 1915 562 1985 utraque
579 1907 653 1965 ratio
670 1903 789 1965 dicatur.
825 1902 934 1962 durum
948 1904 998 1979 qui
1011 1919 1097 1980 quae·
1108 1909 1140 1966 ot

100 2000 165 2051 runt
180 1999 247 2051 ante
263 1994 356 2051 omnia
373 1991 527 2068 segutilum
548 1991 667 2066 tollunt,
684 1990 723 2048 ita
742 1997 862 2048 vocatur
880 1986 1025 2048 indicium.
1061 1985 1100 2044 al·

99 2093 171 2134 veus
189 2075 236 2134 hic
256 2084 318 2151 est,
336 2075 519 2153 harenaeque
538 2075 687 2150 lavantur,
709 2082 796 2150 atque
812 2091 850 2132 ox
868 2090 904 2133 eo
923 2072 1000 2151 quod
1018 2088 1100 2130 rese·

100 2158 140 2216 dit
156 2159 324 2217 coniectura
340 2160 461 2234 capitur.
492 2160 637 2218 invenitur
654 2157 807 2236 aliquando
826 2159 854 2215 in
872 2174 977 2216 summa
995 2153 1099 2215 tellure

100 2242 233 2319 protinus
252 2257 317 2299 rara
330 2240 488 2316 felicitate,
505 2249 535 2298 nt
552 2259 644 2319 nuper
659 2242 688 2299 in
704 2240 846 2300 Delmatia
863 2242 1026 2317 principatu
1042 2236 1099 2298 Ne·

65 2325 180 2388 aaronis
208 2321 330 2399 singulis
358 2322 460 2381 diebus
494 2324 580 2381 etiam
609 2324 824 2400 quinquagenas
853 2323 942 2383 libras
965 2321 1098 2381 lundens.

101 2425 163 2466 cum
180 2409 220 2467 ita
236 2407 385 2466 inventum
402 2414 447 2465 εει
463 2407 491 2465 in
507 2422 616 2464 summo
633 2407 784 2482 caespite,
801 2405 961 2465 tolutatium
983 2413 1099 2478 vocant,

101 2492 125 2550 si
145 2501 174 2551 et
190 2508 294 2552 aurosa
311 2490 397 2551 tellus
414 2491 528 2550 subest.
559 2499 661 2548 cetero
678 2497 792 2548 montes
812 2487 1013 2564 Hispaniarum
1027 2487 1099 2545 aridi

100 2576 278 2652 sterilesque
292 2584 322 2635 et
341 2577 368 2634 in
392 2575 496 2653 quihus
509 2573 578 2633 nihil
595 2571 671 2632 aliud
685 2573 821 2648 gignatur
835 2571 901 2629 huic
923 2570 1000 2629 hono
1019 2570 1101 2629 lerti-

101 2656 145 2715 les
162 2676 229 2716 esse
254 2667 406 2735 coguntur.
441 2656 526 2729 Quod
546 2658 642 2735 puteis
663 2655 770 2715 foditur
790 2653 956 2713 canalicium
981 2661 1096 2730 vocant,
1109 2661 1143 2716 68

64 2739 148 2804 roalii
172 2739 355 2817 canaliense,
376 2743 526 2802 marmoris
543 2741 662 2818 glareae
684 2738 855 2813 inhaerens,
872 2755 929 2797 non
947 2736 998 2796 illo
1015 2737 1100 2796 modo

102 2840 159 2900 quo
181 2824 210 2880 in
232 2823 347 2882 oriente
372 2827 491 2903 sappiro
514 2833 600 2902 atque
618 2822 766 2885 Thebaico
788 2822 910 2899 aliisque
934 2822 962 2880 in
978 2822 1098 2898 gemmis

102 2903 257 2978 scintillat,
283 2906 335 2966 sed
359 2909 447 2967 micas
468 2907 631 2985 amplexum
652 2908 813 2966 marmoris.
844 2913 984 2982 vagantur
1006 2905 1034 2964 hi
1050 2924 1100 2966 ve·

102 3006 200 3047 narum
215 2988 331 3048 canales
348 3008 402 3068 per
418 2991 509 3050 latera
527 2998 679 3068 puteorum
695 2999 725 3048 et
738 2989 792 3048 huc
806 2989 885 3065 illuc,
900 2989 967 3048 inde
984 2990 1099 3048 nomine
1178 3044 1181 3051 .

102 3073 237 3148 invento,
254 3071 399 3152 tellusque
414 3073 520 3150 ligneis
537 3073 676 3132 columnis
693 3072 886 3150 suspenditur.
919 3072 995 3149 quod
1012 3072 1097 3131 elios·
1109 3081 1143 3135 69

66 3174 163 3224 pssum
181 3165 226 3216 est
244 3156 386 3234 tunditur,
401 3157 529 3233 lavatur,
548 3159 655 3233 uritur,
671 3156 797 3216 molitur.
822 3156 941 3215 farinam
957 3157 1100 3233 epitascu·

102 3239 166 3300 dem
184 3247 300 3316 vocant,
316 3250 467 3318 argentum
482 3241 559 3319 quod
575 3243 636 3300 enit
652 3259 668 3300 a
683 3241 803 3300 iornace
816 3239 959 3299 sudorem.
991 3256 1067 3316 quae
1083 3257 1100 3297 e

101 3325 212 3385 camino
234 3325 354 3386 iactatur
377 3325 516 3404 spurcitia
537 3326 660 3384 inomni
681 3324 798 3384 metallo
815 3324 911 3384 scoria
926 3321 1100 3400 appellatur.

100 3407 172 3489 haec
186 3410 215 3468 in
230 3426 300 3468 auro
319 3410 445 3469 tunditur
460 3410 622 3488 iterumque
639 3412 793 3489 coquitur,
817 3409 902 3468 catini
920 3407 989 3466 liunt
1005 3425 1043 3467 ex
1062 3414 1102 3466 ta·
