2378 3840
112 163 151 224 82
460 173 488 222 c.
505 173 600 220 Perus
615 171 764 220 suenum

112 328 163 388 illo
180 329 259 405 paria
281 346 349 388 esse
365 335 413 387 aut
427 327 470 386 illi
485 326 624 403 meliora,
646 325 699 387 sed
721 341 778 384 uno
795 343 829 384 se
847 332 1016 403 praestare,
1034 325 1111 401 quod

112 429 222 470 manum
244 410 280 470 de
299 410 395 471 tabula
415 413 506 470 sciret
527 409 651 485 tollere,
673 406 861 468 memorabili·
876 415 1036 485 praecepto
1060 424 1111 466 no-

112 512 180 553 cere
199 511 289 571 saepe
305 496 419 554 nimiam
434 493 623 570 diligentiam.
656 493 709 552 luit
723 500 817 551 autem
833 507 891 551 non
908 491 1027 549 minoris
1046 492 1112 549 sim·

112 576 250 655 plicitatis
278 595 362 655 quam
388 578 469 637 artis.
513 575 672 636 Melanthio
693 577 729 635 de
756 574 950 652 dispositione
976 573 1112 649 cedebat,

111 660 328 737 Asclepiodoro
350 661 387 719 de
409 661 568 735 mensuris,
593 658 649 718 hoe
674 667 720 717 est
742 667 848 734 quanto
866 658 933 734 quid
954 675 971 715 a
994 673 1134 734 quoques

68 753 100 807 81
114 743 223 802 distare
242 743 376 804 deberet.
412 744 438 820 [l
449 744 477 821 l]
495 741 603 801 Scitum
617 744 694 801 inter
706 741 893 818 Protogenen
910 749 940 798 et
955 756 1019 798 eum
1035 739 1112 816 quod

112 826 226 886 accidit.
258 826 309 886 ille
329 826 425 886 Rhodi
446 824 581 900 vivebat,
605 842 662 902 quo
683 842 746 883 eum
763 823 887 901 Apelles
908 823 1113 898 adnavigasset

111 909 212 967 avidus
229 909 426 985 cognoscendi
445 926 536 987 opera
551 909 614 967 eius
629 909 702 967 fama
714 915 820 966 tantum
832 906 887 965 sibi
904 908 1030 983 cogniti,
1045 923 1113 964 eon·

111 993 191 1050 tinuo
220 992 363 1052 officinam
393 994 488 1070 petiit.
531 991 634 1050 aberat
662 992 744 1068 ipse,
773 990 825 1050 s'ed
850 989 975 1049 tabulam
1000 988 1113 1066 amplae

110 1075 313 1151 magnitudinis
330 1078 359 1135 in
377 1076 506 1135 machina
520 1082 643 1152 aptatam
664 1091 719 1133 una
734 1072 918 1133 custodiebat
934 1090 1012 1131 anus.
1040 1071 1147 1131 haecso

110 1158 183 1217 ioris
201 1176 271 1217 esse
281 1157 472 1234 Protogenen
490 1158 644 1234 respondit
654 1157 905 1233 interrogavitque
921 1173 937 1214 a
952 1173 1009 1233 quo
1027 1172 1114 1232 quae-

111 1241 197 1298 situm
215 1241 336 1299 diceret.
369 1241 405 1300 ab
420 1240 492 1315 hoe,
510 1240 602 1316 inquit
617 1238 757 1317 Apelles,
775 1238 955 1317 adreptoque
974 1237 1113 1315 penicillo

67 1333 102 1388 aa
116 1323 213 1381 liniam
233 1323 391 1382 excolere
413 1323 494 1382 duxit
510 1339 643 1381 summae*
652 1323 800 1382 tenuitatis
816 1339 870 1399 per
891 1321 1025 1381 tabulam.
1068 1339 1114 1380 re-

114 1423 200 1465 verso
217 1405 379 1482 Protogeni
395 1423 468 1482 quae
487 1413 572 1481 gesta
594 1415 677 1465 erant
693 1423 763 1465 auus
778 1405 924 1465 indicavit.
956 1405 1054 1464 ierunt
1069 1421 1113 1462 ar·

111 1489 216 1548 tificem
233 1491 366 1566 protinus
388 1487 612 1566 contemplatum
636 1489 827 1566 suptilitatem
850 1488 959 1549 dixisse
984 1487 1148 1566 Apelleum

109 1574 244 1647 venisse,
271 1590 330 1631 non
360 1573 435 1631 enim
456 1571 563 1631 cadere
589 1573 619 1631 in
644 1573 730 1632 alium
756 1581 813 1631 tam
839 1570 1004 1632 absolutum
1027 1588 1112 1650 opus,

111 1657 261 1732 ipsumque
284 1655 342 1715 alio
364 1654 467 1715 colore
494 1656 657 1714 tenuiorem
673 1655 769 1715 liniam
790 1655 819 1715 iu
841 1657 903 1735 ipsa
923 1656 973 1715 illa
993 1654 1114 1714 duxisse

111 1738 325 1816 abeuntemque
347 1740 557 1817 praecepisse,
579 1740 604 1798 si
624 1738 751 1798 redisset
767 1739 835 1815 ille,
864 1738 1037 1799 ostenderet
1055 1737 1113 1798 adi·

110 1829 250 1898 ceretque
281 1822 356 1881 bunc
388 1841 455 1882 esse
494 1839 579 1899 quem
611 1831 784 1898 quaereret,
814 1831 903 1901 atque
931 1824 971 1881 ita
1003 1823 1112 1881 evenit.

110 1906 232 1964 revertit
254 1907 328 1973 enim
344 1905 468 1983 Apelles
492 1913 523 1964 et
545 1904 622 1964 vinci
644 1904 823 1965 erubescens
842 1906 930 1965 tertio
953 1905 1055 1965 colore
1078 1904 1147 1964 li-ro

66 1989 172 2052 &anias
191 1990 286 2046 secuit
305 1988 413 2047 nullum
432 1987 603 2064 relinquens
623 1987 744 2065 amplius
768 1988 920 2066 suptilitati
944 1989 1049 2049 locum.
1083 1997 1113 2047 at

109 2069 295 2146 Protogenes
314 2072 419 2129 vietum
440 2089 474 2129 se
495 2070 651 2129 confessus
671 2071 701 2130 in
722 2079 836 2149 portum
851 2071 999 2132 devolavit
1014 2071 1113 2149 hospi·

110 2161 168 2210 tem
193 2169 355 2229 quaerens,
384 2153 550 2230 placuitque
575 2155 618 2212 sie
645 2172 708 2214 eam
728 2153 853 2215 tabulam
878 2157 1007 2234 posteris
1036 2153 1112 2214 tradi

112 2235 236 2292 omnium
259 2236 401 2313 quidem,
422 2236 474 2295 sed
501 2237 640 2296 artificum
664 2239 823 2317 praecipuo
844 2240 993 2299 miraculo.
1044 2255 1112 2297 eon·

110 2326 249 2395 sumptam
268 2337 330 2378 eam
346 2320 446 2397 priore
463 2319 597 2380 incendio
618 2318 752 2382 Caesaris
770 2323 870 2383 domus
890 2325 919 2382 in
935 2321 1046 2383 Palatio
1064 2335 1147 2381 auus

109 2401 174 2476 dio,
202 2411 361 2480 spectatam
384 2403 494 2482 {nobis}
517 2413 585 2464 ante
612 2407 743 2482 spatiose
769 2405 838 2464 nihil
863 2405 939 2464 aliud
963 2406 1112 2464 eontinen-

111 2492 168 2543 tem
186 2503 270 2561 quam
291 2486 376 2546 linias
400 2488 493 2546 visum
516 2486 684 2564 effugientis
706 2490 782 2546 inter
809 2487 931 2562 egregia
958 2485 1113 2546 multorum

111 2585 201 2645 opera
225 2571 301 2628 inani
318 2570 441 2630 similem
462 2579 492 2628 et
516 2586 553 2630 eo
575 2573 641 2647 ipso
659 2569 843 2628 adlicientem
860 2570 995 2646 omnique
1018 2585 1113 2646 opere

66 2650 297 2713 blnobiliorem.
339 2653 403 2731 [12]
427 2652 526 2730 Apelli
553 2653 606 2712 luit
633 2651 740 2728 alioqui
764 2659 905 2729 perpetua
929 2652 1111 2712 consuetudo

87 2806 89 2813 Α
108 2750 260 2809 numquam
273 2743 330 2794 tam
348 2745 518 2813 occupatum
532 2735 607 2812 diem
627 2732 731 2809 agendi
748 2741 779 2792 ut
794 2751 853 2794 uon
868 2735 964 2796 liniam
979 2736 1111 2796 ducendo
1122 2749 1148 2790 ³⁰

109 2825 265 2874 exerceret
291 2827 399 2893 artem,
425 2817 503 2895 quod
525 2817 561 2875 ab
583 2833 620 2876 eo
643 2818 673 2875 in
689 2818 877 2894 proverbium
899 2823 987 2880 venit.
1035 2821 1112 2880 idem
1156 2863 1158 2867 -

109 2897 240 2973 perfecta
257 2915 347 2975 opera
368 2897 553 2977 proponebat
573 2900 603 2957 in
623 2900 746 2978 pergula
767 2903 1001 2979 transeuntibus,
1022 2911 1110 2980 atque

108 2979 173 3056 ipse
198 2989 267 3057 post
291 2982 415 3040 tabulam
434 2981 528 3040 latens
546 2984 616 3042 vitia
637 3001 711 3061 quae
735 2993 905 3047 notarentur
930 2986 1110 3046 auscultabat

66 3073 99 3126 85
111 3061 228 3140 volgum
240 3063 456 3141 diligentiorem
467 3063 590 3126 iudicem
603 3083 686 3144 quam
699 3086 733 3127 se
748 3069 938 3147 praeferens,
953 3071 1109 3148 feruntque

107 3145 317 3224 reprehensum
334 3166 350 3206 a
370 3156 489 3223 sutore,
505 3149 582 3228 quod
597 3151 627 3210 in
641 3151 768 3229 crepidis
788 3170 843 3212 una
858 3156 1012 3230 pauciores
1032 3152 1142 3212 intustt

106 3229 228 3289 lecisset
243 3248 339 3307 ansas,
359 3231 463 3291 eodem
479 3241 601 3310 postero
620 3233 667 3294 die
683 3234 812 3313 superbo
832 3236 1035 3298 emendatione
1050 3237 1109 3315 pri·

107 3315 200 3373 stinae
224 3314 427 3376 admonitionis
447 3316 601 3377 cavillante
629 3319 705 3378 eirca
728 3337 814 3396 erus,
842 3320 1016 3398 indignatum
1040 3337 1109 3400 pro·

82 3399 242 3473 tspexisse
268 3399 483 3460 denuntiantem
511 3419 549 3460 ne
570 3418 657 3480 supra
684 3401 830 3480 crepidam
852 3413 935 3464 sutor
955 3404 1108 3478 iudicaret,
