2378 3840
94 185 134 247 28
439 191 577 244 centur
592 195 741 242 saeuum

95 352 182 411 multa
203 350 283 411 bello
309 349 386 408 civili
407 349 600 427 perdidisset,
629 357 722 408 tamen
750 349 917 426 relinquere
937 364 1090 407 servornm

96 443 231 512 quattuor
250 432 327 492 milia
349 442 464 493 centum
484 432 628 508 sedecim,
654 435 721 508 iuga
743 432 829 491 bourn
850 433 904 490 tria
923 431 999 490 milia
1023 449 1089 490 sex·

95 526 190 593 centa,
203 517 308 593 reliqui
320 519 435 593 pecoris
449 512 497 574 GC
508 516 713 594 quinquaginta
725 524 839 592 septem
850 514 937 591 milia,
952 515 980 573 in
992 533 1088 573 nume·

55 611 105 665 136
117 610 181 660 rato
197 599 251 659 HS.
270 596 351 682 lffcl,
371 600 498 658 funerari
515 617 547 658 se
565 600 650 658 iussit
664 596 719 656 HS.
735 596 801 681 ᾗ).
827 605 986 674 congerant
1002 615 1089 656 exce·

96 683 190 744 dentis
207 701 354 742 numerum
377 700 466 759 opes,
489 690 576 757 quota
599 690 693 741 tamen
709 685 806 760 portio
829 689 913 741 erunt
928 680 1112 743 Ptolemaeis

96 784 182 843 quem
193 765 287 825 Varro
303 766 388 824 tradit
402 765 541 842 Pompeio
554 784 602 824 res
614 774 738 841 gerente
750 766 826 824 circa
836 763 968 823 Iudaeam
984 772 1089 823 octona

94 850 172 908 milia
187 851 314 926 equiturn
324 868 375 907 sua
387 850 508 926 pecunia
521 848 705 923 toleravisse,
722 847 802 906 mille
816 848 953 906 convivas
969 847 1090 906 totidem

95 934 191 992 aureis
214 933 338 1009 potoriis
360 939 523 997 ,mutantem
552 949 586 990 ea
607 949 675 990 vasa
700 949 763 990 cum
782 930 901 990 ferculis
927 931 1088 1006 saginasse,

96 1024 185 1092 quota
208 1034 278 1075 vero
304 1015 354 1075 ille
378 1017 443 1092 ipse
464 1047 506 1057 -—
528 1033 622 1092 neque
641 1017 715 1073 enim
733 1014 768 1072 de
783 1013 903 1090 regibus
923 1013 1029 1090 loquor
1047 1045 1090 1059 -

54 1108 104 1163 137
116 1101 214 1176 portio
229 1100 317 1158 fuerit
328 1098 423 1173 Pythii
438 1093 567 1172 Bithyni!
586 1097 731 1175 platanum
746 1115 860 1156 auream
876 1098 1023 1174 vitemque
1039 1113 1125 1164 no-10

48 1182 164 1260 &pilis
189 1182 252 1240 illas
270 1182 358 1240 Dario
380 1183 444 1257 regi
461 1180 594 1254 donavit,
616 1179 723 1239 Xerxis
740 1182 857 1257 copias,
879 1180 935 1239 hoc
953 1189 998 1240 est
1021 1179 1088 1264 lffil
1120 1218 1123 1225 ,

95 1283 264 1332 LXXXVIII
290 1265 451 1339 hominum,
481 1265 597 1339 excepit
628 1263 733 1340 epulo,
765 1263 938 1341 stipendium
964 1266 1089 1342 quinque

96 1365 224 1407 mensum
244 1349 474 1422 frumentumque
504 1345 672 1422 pollicitus,
699 1355 764 1405 ute
787 1348 913 1423 quinque
937 1347 1039 1407 liberis
1062 1350 1090 1406 in

97 1430 212 1490 delectu
228 1432 372 1490 senectuti
388 1447 457 1488 suae
474 1447 545 1487 unus
562 1429 664 1489 saltem
679 1429 900 1490 concederetur.
930 1431 1003 1491 hunc
1020 1449 1090 1509 quo-

97 1532 154 1591 que
179 1517 272 1591 ipsum
300 1514 402 1590 aliquis
429 1522 568 1590 conparet
598 1511 711 1572 Croeso
736 1515 810 1590 regi.
855 1531 945 1591 quae,
971 1513 1125 1574 malumlra

97 1599 220 1657 amentia
244 1606 289 1657 est
309 1597 337 1656 id
360 1599 388 1655 in
412 1598 469 1656 vita
489 1614 597 1674 cupere
614 1598 691 1674 quod
713 1607 760 1657 aut
777 1607 806 1657 et
821 1600 916 1658 servis
935 1600 1092 1675 eontigerit

96 1688 144 1738 aut
157 1699 194 1740 ue
208 1683 237 1739 in
256 1682 376 1758 regibus
391 1681 506 1758 quidem
520 1682 664 1740 invenerit
681 1680 779 1743 linem!

57 1773 107 1827 138
140 1765 263 1843 (48.)
289 1765 416 1842 Populus
441 1763 586 1823 Romanus
614 1765 718 1840 stipem
750 1781 891 1840 spargere
917 1767 1016 1842 coepit
1040 1765 1090 1843 Sp.

97 1846 245 1907 Postumio
261 1845 297 1918 Q.
310 1847 419 1907 Marcio
435 1863 531 1922 coss,
551 1854 628 1905 tanta
644 1845 812 1904 abundantia
828 1848 968 1924 pecuniae
984 1857 1046 1907 erat
1060 1857 1091 1907 ut

98 1948 161 1990 eam
180 1934 329 1990 conferret
344 1929 374 1988 L.
391 1930 520 2005 Scipioni
541 1947 579 1988 ex
600 1945 654 2005 qua
669 1930 694 1986 is
712 1927 794 1986 ludos
818 1930 897 1988 iecit.
933 1948 996 1988 nam
1014 1931 1127 2007 quodao

97 2013 247 2091 Agrippae
264 2012 400 2072 Menenio
417 2012 557 2069 sextantis
576 2012 653 2068 aeris
669 2012 698 2068 in
713 2011 797 2068 funus
815 2010 952 2087 contulit,
970 2012 1090 2072 honoris

97 2095 126 2154 id
142 2098 387 2171 necessitatisque
409 2100 532 2169 propter
556 2101 755 2170 paupertatem
770 2093 936 2173 Agrippae,
957 2113 1015 2154 uon
1036 2096 1091 2155 lar-

98 2179 217 2254 gitionis
235 2196 303 2237 esse
321 2176 461 2235 duxerim.

56 2271 106 2324 139
180 2264 227 2321 11.
246 2261 328 2339 (49.)
346 2258 424 2318 Vasa
440 2277 478 2318 ex
493 2269 616 2336 argento
631 2263 702 2320 mire
718 2263 909 2322 inconstantia
923 2262 1036 2322 humani
1050 2265 1091 2323 in·

98 2346 166 2420 geni
181 2347 274 2404 variat
289 2344 395 2403 nullum
413 2362 506 2420 genus
523 2345 657 2405 cilicinae
676 2344 723 2404 diu
739 2345 899 2422 probando.
929 2365 1003 2406 nuuc
1021 2346 1126 2411 Fur-ns

98 2428 198 2505 niara,
224 2447 298 2488 nuuc
320 2425 474 2504 Clodiana,
496 2446 569 2487 uunc
592 2427 741 2503 Gratiana,
762 2463 805 2474 -
826 2431 933 2488 etenim
955 2430 1089 2489 tabernas

98 2515 205 2571 mensis
217 2512 384 2591 adoptamus
398 2546 450 2589 -,
464 2530 539 2571 nunc
556 2512 709 2590 anaglypta
727 2513 971 2591 asperitatemque
989 2513 1089 2572 exciso

57 2603 108 2657 140
120 2597 196 2655 circa
210 2596 341 2655 liniarum
360 2598 486 2673 picturas
504 2597 683 2672 quaerimus,
705 2594 760 2653 iam
780 2612 852 2654 vero
870 2604 900 2654 et
916 2614 1030 2655 mensas
1045 2614 1091 2655 re·

97 2680 250 2755 positoriis
276 2681 437 2756 inponimus
466 2677 499 2736 ad
525 2678 691 2737 sustinenda
722 2680 861 2754 opsonia,
888 2679 1090 2740 interradimus

98 2760 171 2835 alia,
202 2771 337 2837 ut.quam
359 2761 517 2838 plurumum
540 2759 606 2818 lima
628 2759 795 2837 perdiderit.
834 2780 901 2821 vasa
925 2763 1091 2841 coquinaria
1100 2785 1127 2826 ao

99 2860 137 2901 ex
151 2851 274 2918 argento
297 2844 360 2902 lieri
378 2840 484 2901 Calvos
501 2852 599 2902 orator
620 2845 753 2920 quiritat,
772 2853 801 2903 at
823 2862 876 2904 nos
898 2863 1030 2905 carrucas
1048 2863 1092 2904 ar-

99 2933 189 3000 gento
207 2925 321 2984 caelare
337 2927 514 2999 invenimus,
532 2934 689 3004 nostraque
706 2935 801 2987 aetate
813 2928 951 3007 Poppaea
967 2931 1092 2989 coniunx

97 3005 224 3069 Neronis
239 3009 377 3086 principis
394 3007 490 3067 soleas
507 3007 724 3069 delicatioribus
739 3011 873 3071 iumentis
891 3015 950 3071 suis
967 3030 1005 3072 ex
1021 3028 1091 3071 auro

101 3109 217 3169 quoque
233 3092 361 3151 induere.

59 3186 106 3238 141
183 3176 264 3253 (50.)
293 3175 423 3252 Triginta
451 3174 507 3233 duo
533 3175 621 3235 libras
646 3178 758 3253 argenti
785 3177 938 3238 Africanus
963 3196 1124 3256 sequensar

99 3258 200 3318 heredi
225 3259 343 3338 reliquit
364 3259 513 3336 idemque,
536 3277 598 3318 cum
618 3260 654 3319 de
670 3260 776 3320 Poenis
798 3261 1002 3339 triumpharet,
1020 3263 1089 3330 fiii.

102 3339 252 3402 ccctxx
268 3344 365 3421 pondo
381 3340 532 3402 transtulit.
560 3343 616 3402 hoc
630 3345 743 3420 argenti
757 3352 818 3403 tota
832 3341 976 3422 Carthago
992 3345 1092 3405 habuit

98 3424 148 3483 illa
166 3433 307 3484 terrarum
322 3426 448 3501 aemula,
465 3435 535 3502 quot
551 3444 711 3487 mensarum
726 3435 830 3505 postea
845 3427 980 3505 adparatu
998 3427 1089 3488 victa!
