2378 3840
291 187 371 233 nan.
393 185 485 234 nrsn.
506 185 645 232 xxxuu.
666 183 707 235 ιι.
726 184 766 237 13.
787 170 937 255 (al—35.)
1079 173 1120 233 57

182 342 229 403 13.
247 339 328 421 (33.)
345 340 505 400 Etiamnum
520 345 549 401 in
565 341 685 402 aerariis
701 340 889 417 reperiuntur
904 357 977 416 quae
994 347 1100 399 vocant
1113 348 1165 404 128

115 423 342 503 pompholygem
365 433 395 485 et
416 425 538 502 spodon.
583 422 746 484 differentia
770 423 848 500 quod
874 423 1054 500 pompholyx
1079 421 1121 481 lo-

116 518 179 567 tura
198 517 366 586 separatur,
388 508 498 586 spodos
515 509 605 568 inlota
627 514 680 566 est.
720 505 807 584 aliqui
824 506 902 584 quod
917 508 955 565 sit
973 505 1121 566 candidum

116 592 351 670 levissimumque
367 590 594 671 pompholygem
608 591 710 650 dixere
724 598 754 650 et
767 608 835 649 esse
847 591 925 650 aeris
940 608 973 650 ac
985 589 1121 649 cadmeae

94 675 252 754 osovillam,
269 676 383 754 spodon
398 677 558 752 nigriorem
575 694 643 736 esse
656 674 970 752 ponderosioremque,
989 674 1121 733 derasam

117 760 278 838 parietibus
294 760 464 835 fornacium,
487 761 584 819 mixtis
603 758 748 834 scintillis,
768 757 922 834 aliqnando
940 767 970 818 et
989 756 1121 817 carboni-

116 844 179 902 bus.
209 842 289 902 llaec
306 851 390 902 aceto
408 852 530 921 accepto
551 843 672 903 odorem
689 843 767 901 aeris
783 850 914 919 praestat
930 850 978 919 et,
1000 843 1024 900 si
1043 849 1163 904 tan-129

116 934 201 1002 gatar
220 926 329 1003 lingua,
345 942 481 1004 saporem
496 925 651 986 horridum.
682 926 819 984 convenit
836 925 985 985 oculorum
1000 925 1122 985 mediea-

116 1010 238 1084 mentis,
266 1008 493 1085 quibuseumque
517 1011 595 1067 vitiis
625 1024 783 1068 occurrens
811 1017 841 1068 et
869 1009 902 1068 ad
930 1011 1023 1068 omnia
1047 1026 1120 1085 quae

86 1091 248 1191 aospodos..
275 1091 333 1149 hoc
348 1091 442 1150 solum
456 1091 544 1151 distat
552 1092 657 1170 quod
673 1090 757 1150 huius
775 1091 883 1151 elutior
899 1111 942 1150 vis
959 1101 1013 1152 est
1045 1091 1121 1150 addi-

117 1184 173 1234 tur
186 1183 215 1234 ot
240 1175 269 1233 in
297 1175 452 1254 emplastra
474 1175 578 1274 quibus
605 1176 679 1235 lenis
702 1175 891 1252 refrigeratio
917 1177 1066 1254 quaeritur
1093 1182 1128 1270 et

117 1260 246 1319 siccatio
279 1259 376 1319 utilior
390 1259 425 1318 ad
443 1260 536 1320 omnia
553 1277 626 1337 qnae
642 1261 710 1320 vino
727 1259 787 1319 lota
803 1269 857 1320 est.

180 1386 262 1464 (34.)
288 1385 404 1463 Spodos
425 1381 532 1463 Cypria
553 1393 677 1462 optuma
714 1386 746 1444 iit
761 1394 856 1445 autem
873 1384 1102 1462 liquescentibus
1115 1392 1167 1447 130

17 1506 19 1510 »
117 1469 234 1529 cadmea
251 1478 280 1527 et
296 1470 411 1527 aerario
427 1468 531 1546 lapide.
555 1469 732 1528 levissimum
745 1469 808 1528 hoe
819 1476 865 1529 est
882 1467 1002 1527 flaturae
1021 1469 1121 1543 totius,

84 1565 109 1605 aa
119 1552 274 1628 evolatque
300 1569 316 1610 e
337 1552 504 1610 fornacibus
526 1559 556 1610 et
578 1552 665 1609 tectis
688 1550 886 1627 adhaerescit,
917 1551 1059 1627 alulgine
1082 1550 1123 1609 di·

118 1645 196 1695 stans
213 1634 348 1694 candore.
387 1634 464 1711 quod
480 1635 571 1692 minus
587 1633 736 1692 candidum
753 1652 791 1692 en
804 1652 838 1693 ea
853 1636 1011 1693 inmaturae
1026 1634 1122 1693 forna-

117 1721 159 1779 cis
176 1727 376 1795 argumentum
393 1725 447 1777 est.
469 1717 527 1777 hoe
539 1716 652 1795 quidam
668 1716 894 1795 pompholygem
909 1727 1024 1777 voeant.
1046 1717 1123 1795 quod

118 1820 191 1862 vero
209 1802 395 1862 rubicundius
414 1803 502 1860 exiis
518 1802 664 1861 invenitur
680 1801 823 1859 acriorem
841 1802 898 1860 vim
919 1800 1053 1861 habetet
1073 1819 1124 1860 ex·

117 1887 229 1947 ulcerat
241 1887 314 1947 adeo
329 1895 370 1963 ut,
383 1904 445 1945 cum
457 1886 581 1963 lavatur,
598 1887 621 1944 si
636 1886 732 1962 attigit
746 1884 860 1960 oeulos,
878 1893 1027 1944 excaecet.
1051 1882 1105 1942 Est
1115 1894 1163 1948 131

84 1984 109 2024 ao
120 1980 150 2030 et
168 1969 266 2030 mellei
284 1970 393 2030 eoloris
417 1970 544 2048 spodos,
566 1971 595 2028 in
618 1987 672 2047 qua
696 1968 855 2047 plurumum
877 1970 954 2029 aeris
975 1968 1122 2045 intellegi-

118 2064 172 2115 tur
213 2054 266 2114 sed
289 2054 489 2133 quodcumque
512 2072 605 2131 genus
633 2053 755 2113 lavando
781 2052 812 2111 fit
832 2053 948 2130 utilius,
982 2061 1123 2131 purgatur

117 2146 183 2197 ante
196 2140 293 2216 pinna,
310 2136 377 2196 dein
391 2139 537 2196 crassiore
550 2137 656 2213 lotura,
674 2138 772 2214 digitis
789 2137 946 2197 scabritiae
962 2155 1123 2197 excernun-

117 2229 172 2279 tur
204 2228 234 2278 et
255 2219 348 2278 media
370 2221 415 2278 vis
433 2227 477 2277 est
495 2222 558 2278 eins
575 2237 649 2296 qnae
670 2222 739 2279 vino
755 2220 874 2280 lavatur.
905 2220 959 2280 Est
981 2222 1076 2300 aliqua
1093 2229 1122 2279 ot

117 2305 146 2362 in
161 2320 273 2380 genere
288 2302 348 2360 vini
365 2299 540 2360 differentia
571 2302 629 2361 leni
646 2305 722 2362 enim
738 2304 797 2363 lota
819 2304 950 2379 collyriis
973 2305 1123 2364 oculorum

83 2388 209 2446 ruminus
240 2385 317 2444 utilis
347 2393 481 2482 putatur,
516 2384 674 2462 eademqne
702 2386 850 2445 efficacior
874 2386 1021 2446 ulceribus
1048 2404 1121 2464 quae

116 2479 232 2531 manent
256 2468 305 2529 vel
331 2469 390 2528 oris
410 2484 484 2546 quae
511 2467 659 2543 madeant,
688 2478 718 2527 et
746 2468 877 2528 omnibus
904 2470 1123 2528 medicamentis

118 2573 191 2633 quae
204 2561 343 2633 parentur
357 2561 458 2611 contra
474 2569 665 2628 gangraenas.
698 2551 745 2610 Fit
760 2560 790 2610 et
808 2554 837 2610 in
853 2553 966 2628 argenti
978 2552 1103 2612 fornaci·
1117 2564 1167 2618 132

117 2638 171 2696 bus
188 2637 314 2715 spodos,
333 2653 416 2714 quam
434 2643 539 2695 vocant
555 2635 707 2696 lauriotim.
748 2635 898 2694 utilissima
917 2644 1012 2694 autem
1031 2637 1123 2695 oculis

119 2718 283 2778 adfirmatur
305 2737 379 2796 quae
399 2720 447 2778 liat
463 2720 492 2778 in
509 2720 647 2796 aurariis,
674 2719 773 2778 necin
791 2719 844 2777 alia
862 2727 945 2796 parte
962 2721 1054 2796 magis
1078 2729 1124 2780 ost

89 2822 114 2862 ao
125 2804 203 2862 vitae
223 2804 340 2878 ingenia
362 2804 468 2862 mirari.
506 2805 613 2881 quippe
639 2821 675 2862 ne
698 2803 864 2881 quaerenda
886 2813 986 2864 essent
1007 2803 1123 2864 metalla

118 2886 267 2946 vilissimis
285 2887 373 2945 rebus
389 2886 531 2945 utilitates
550 2887 668 2947 easdem
683 2889 871 2963 excogitavit.

183 3011 264 3091 (35.)
280 3012 465 3090 Antispodon
481 3019 587 3070 vocant
606 3012 735 3070 cinerem
751 3012 798 3070 iici
814 3012 928 3071 arboris
947 3011 995 3072 vel
1011 3013 1103 3090 capri·
1115 3021 1169 3077 133

118 3099 164 3157 tici
181 3097 229 3157 vel
250 3098 334 3172 myrti
349 3095 485 3155 foliorum
507 3111 570 3154 enm
585 3095 751 3154 tenerrimis
767 3111 910 3154 ramorum
927 3094 1058 3173 partibus
1075 3095 1124 3154 vel

119 3182 239 3242 oleastri
257 3181 304 3240 vel
317 3181 402 3241 oleae
413 3179 462 3240 vel
477 3179 595 3238 cotonei
610 3176 676 3236 mali
692 3177 740 3237 vel
756 3177 887 3255 lentisci,
903 3179 973 3238 item
986 3196 1023 3237 ex
1035 3179 1124 3238 moris

83 3283 108 3324 aa
118 3267 277 3342 inmaturis,
290 3265 318 3324 id
331 3273 377 3325 est
389 3263 528 3339 candidis,
542 3262 572 3320 in
584 3261 649 3322 sole
661 3262 798 3323 arefactis
811 3263 859 3322 vel
872 3281 888 3321 e
901 3262 970 3321 buxi
984 3279 1065 3322 coma
1076 3269 1126 3321 aut

118 3350 324 3428 pseudocypiri
346 3356 394 3408 aut
415 3347 479 3407 rubi
495 3355 544 3405 aut
565 3346 723 3408 terebinthi
741 3346 790 3407 vel
809 3345 982 3406 oenanthes.
1021 3346 1125 3406 taurini

118 3451 235 3513 quoqne
257 3431 377 3510 glutinis
401 3439 448 3491 aut
471 3432 775 3492 linteorumcinerem
792 3431 926 3491 similiter
948 3430 1065 3508 pollere
1084 3431 1125 3490 in-
