2378 3840
114 153 175 215 176
453 162 484 212 o.
500 163 597 212 eninr
613 162 763 212 sueonos

112 319 237 381 cerebro
258 318 379 397 piscium
394 325 440 376 est
457 318 510 396 qut·
525 316 704 392 synodontes
727 325 877 376 vocantur.
910 315 1067 393 syrtitides
1083 317 1114 376 in

112 403 201 463 litore
212 401 350 478 Syrtium,
367 402 422 460 iam
434 400 548 477 quidem
565 408 594 459 et
606 399 759 477 Lucaniae,
774 400 961 461 inveniuntur
973 418 990 459 e
1001 398 1113 459 melleo

113 485 215 547 colore
231 502 320 545 croco
338 483 540 560 refulgentes,
566 484 641 543 intus
657 491 753 542 autern
768 483 869 543 stellas
887 484 1036 543 continent
1053 481 1115 542 lan·

112 568 223 648 guidas.
254 568 410 645 syringitis
426 566 550 645 stipulae
567 565 733 627 internodio
746 567 846 626 similis
860 574 1004 644 perpetua
1018 564 1116 626 fistula

113 660 239 713 cavatur.
1124 668 1138 707 a

72 748 123 802 183
176 734 256 813 (68.)
273 733 409 794 Trichrus
426 753 465 794 ex
476 734 577 794 hirica
592 734 683 809 venit,
699 734 793 811 nigra,
809 733 862 794 sed
877 733 930 793 tris
945 748 1033 792 sucos
1049 732 1117 793 red-

114 821 170 896 dit,
191 818 226 878 ah
249 817 346 878 radice
371 820 501 895 nigrum,
524 817 620 877 medio
642 817 829 893 sanguinem,
856 833 968 876 summo
987 814 1115 876 ochram.

114 901 322 979 Thelyrrhizos
339 903 449 962 cinerei
469 901 579 961 coloris
602 908 650 960 aut
670 899 723 958 ruli
739 900 867 960 candidis
883 899 1028 960 radicibus
1047 916 1118 976 spe·

113 995 215 1048 otatur.
256 984 464 1062 Thelycardios
489 983 590 1045 colore
612 982 733 1043 candido
750 982 856 1043 Persas
880 983 954 1061 apud
977 999 1051 1059 quos
1073 983 1117 1059 gi-

113 1072 211 1148 gnitur
225 1069 376 1146 magnifice
392 1068 535 1145 delectat,
551 1068 626 1127 rnulc
637 1085 700 1127 eam
710 1066 866 1145 appellant.
894 1065 1015 1126 Thracia
1030 1067 1117 1125 trium
1127 1085 1153 1126 so

113 1171 254 1230 generum
273 1161 338 1228 est,
361 1152 461 1212 viridis
477 1159 525 1211 ant
542 1151 658 1230 pallidi,
681 1150 710 1209 in
726 1151 815 1210 tertio
830 1151 921 1227 guttis
936 1149 1115 1226 sanguineis.

72 1247 124 1301 184
133 1235 280 1314 'lephritis
297 1235 382 1295 lunae
403 1251 497 1293 novae
520 1234 650 1311 speciem
670 1231 758 1292 hahet
783 1241 919 1293 curvatae
942 1233 972 1292 in
993 1248 1117 1309 cornua,

115 1318 244 1396 quamvis
261 1318 371 1377 cinerei
390 1315 510 1378 coloris.
546 1315 716 1376 Tecolithos
734 1315 819 1376 oleae
833 1315 973 1376 nuculeus
987 1314 1117 1391 videtur,

114 1419 210 1479 neque
227 1409 272 1461 ost
288 1401 315 1460 ei
331 1418 462 1478 gemmae
476 1400 588 1476 honos,
609 1398 662 1459 sed
675 1399 845 1477 lingentium
864 1396 992 1460 calculos
1006 1399 1118 1476 frangit

114 1484 266 1563 pellitque.
1128 1501 1154 1542 aa

166 1569 246 1652 (69.)
258 1567 385 1629 Veneris
400 1569 496 1628 crines
507 1567 655 1645 nigerrimi
673 1566 776 1625 nitoris
790 1567 939 1626 continent
949 1567 979 1625 in
990 1585 1024 1627 se
1041 1584 1110 1645 spe·

116 1651 189 1710 ciem
201 1653 254 1712 rull
272 1653 369 1711 crinis.
397 1650 560 1712 Veientana
576 1648 674 1710 Italica
688 1667 800 1725 gemma
812 1657 869 1727 est,
886 1647 960 1709 Veis
979 1659 1110 1727 reperta,

116 1735 227 1811 nigram
237 1736 385 1795 materiam
400 1733 597 1812 distinguente
615 1732 702 1792 limitt
721 1731 797 1791 albo.

66 1826 117 1881 185
172 1817 254 1896 (70.)
297 1817 448 1878 zathenen
464 1818 494 1877 in
514 1815 609 1876 lledia
632 1820 711 1878 nasci
734 1816 919 1879 Democritus
941 1817 1029 1878 tradit
1050 1818 1112 1880 ele-

109 1901 163 1958 ctri
179 1900 282 1960 colore
303 1907 349 1976 et,
371 1900 396 1959 si
412 1902 476 1977 quis
491 1908 566 1959 terat
586 1901 615 1959 in
629 1901 697 1959 vino
717 1901 831 1979 palmeo
848 1908 878 1960 et
894 1917 1000 1978 croco,
1022 1919 1111 1964 cerae
1122 1919 1148 1962 ao

107 1983 194 2043 modo
220 1983 387 2043 lentescere
417 1981 508 2042 odore
533 2000 654 2058 magnae
683 1985 843 2043 suavitatis.
887 1981 1051 2062 Zmilampis
1081 1987 1113 2046 in

108 2063 257 2143 Euphrate
274 2067 418 2142 nascitur,
439 2063 639 2124 Proconnesio
658 2068 792 2127 marmori
807 2066 927 2144 similis,
948 2067 1044 2128 medio
1062 2087 1112 2128 co·

108 2147 173 2208 lore
190 2147 304 2226 glauco.
331 2146 526 2208 Zoranisceos
541 2149 570 2208 in
580 2147 652 2208 lndo
667 2149 783 2211 humine
798 2151 942 2228 nascitur,
959 2150 1112 2229 lilagorum

106 2248 219 2307 gemma
236 2249 304 2292 esse
319 2240 450 2292 narratur
464 2250 560 2311 neque
578 2233 654 2292 aliud
670 2233 790 2312 amplius
807 2234 842 2294 de
861 2251 904 2294 oa.

67 2324 117 2378 186
176 2317 223 2375 11.
247 2315 328 2394 (71.)
347 2313 402 2375 Est
427 2317 580 2376 etiamnum
605 2317 661 2376 alia
688 2318 835 2377 distinctio
862 2334 944 2393 quam
976 2317 1148 2395 equidemre

108 2397 229 2458 fecerim
256 2398 379 2459 subinde
403 2401 512 2461 variata
537 2402 742 2478 expositione,
772 2399 914 2476 siquidem
936 2417 951 2457 a
972 2401 1112 2461 memhris

108 2483 242 2560 corporis
257 2480 366 2543 hahent
380 2485 506 2561 nomina,
524 2482 662 2562 hepatitis
677 2500 692 2542 a
707 2482 850 2557 iocinere,
865 2481 992 2540 steatitis
1011 2483 1125 2560 singu.

108 2564 201 2624 lorum
221 2565 381 2626 animalium
402 2566 487 2646 adipe
511 2584 672 2626 numerosa.
705 2565 806 2625 Adada
828 2562 956 2644 nephros
971 2562 1012 2599 *¹*
1034 2567 1113 2628 eius-

108 2647 172 2708 dem
196 2649 296 2709 oculus
324 2659 355 2710 et
380 2650 486 2726 digitus
515 2648 579 2727 dei,
614 2658 644 2709 et
672 2649 719 2708 hic
741 2648 846 2708 colitur
875 2648 1004 2725 aSyris.
1039 2651 1112 2712 trio·

109 2731 271 2809 phthalmos
283 2751 346 2792 curn
364 2733 477 2810 ouyehe
493 2733 621 2793 nascitur
635 2733 687 2790 tris
704 2731 828 2792 hominis
845 2731 947 2793 oculos
963 2731 1046 2792 simul
1059 2752 1112 2795 ex·
1122 2753 1149 2796 ao

108 2830 244 2890 prumens.
419 2860 420 2864 ,

68 2905 117 2962 187
171 2896 251 2975 (72.)
269 2896 316 2956 nh
326 2897 495 2958 animalibus
512 2899 767 2975 cognominantur:
785 2901 925 2960 carcinias
941 2900 1037 2960 cancri
1051 2919 1112 2962 nra·

108 2981 162 3040 rini
177 2979 296 3057 colore,
319 2979 422 3040 echitis
437 2982 578 3058 viperae,
599 2984 736 3063 scorpitis
757 2984 921 3061 scorpionis
937 2991 986 3043 aut
1006 2983 1111 3046 colore

109 3071 157 3124 aut
167 3065 278 3142 elhgie,
288 3064 402 3124 scaritis
412 3065 499 3140 scari,
508 3063 625 3142 triglitis
634 3067 725 3143 mulli,
738 3067 978 3145 aegophthalmos
988 3068 1110 3145 caprino

109 3147 206 3223 oculo,
223 3150 350 3227 itemque
362 3147 417 3208 alia
430 3148 528 3224 suillo,
544 3157 574 3208 et
585 3167 601 3209 a
612 3153 692 3228 gruis
705 3150 783 3211 eollo
795 3151 947 3228 gerauitis,
958 3149 1110 3212 hieracitis
1121 3167 1148 3210 aa

108 3230 144 3290 ah
160 3232 310 3309 accipitre,
326 3233 422 3293 aetitis
434 3231 547 3311 aquilae
559 3233 678 3294 candida
690 3252 706 3294 a
717 3235 815 3295 cauda.
841 3235 1018 3311 myrmecitis
1030 3235 1110 3296 inna-

109 3321 164 3372 tam
173 3318 304 3393 repentis
313 3317 450 3377 formicae
460 3315 926 3396 effigiemhabet,scarahaeorum
935 3316 1109 3379 cantharias.

94 3395 339 3476 lycophthalmos
354 3408 492 3483 quattuor
511 3410 558 3461 est
572 3401 719 3479 colorum,
733 3421 771 3461 ex
784 3402 872 3463 rutilo
888 3402 1063 3479 sanguinea,
1079 3402 1111 3462 in
