2378 3840
297 217 379 264 aar.
396 216 487 265 anau.
503 215 636 262 xxxv11.
651 213 675 267 9.
693 216 734 267 ro.
748 212 804 282 (53.
823 207 881 280 54.)
1029 205 1086 265 169

91 373 277 434 Alabastritis
297 373 425 431 nascitur
445 371 474 430 in
490 370 648 430 Alabastro
665 369 794 448 Aegypti
816 377 846 428 et
868 370 897 428 in
915 368 1018 446 Syriae
1033 369 1088 429 Da·

90 473 187 516 masco
208 455 334 515 candore
355 455 540 514 interstincto
563 454 651 512 variis
672 452 831 513 coloribus.
872 451 946 511 haec
963 461 1088 512 cremata

90 557 154 600 cum
168 538 263 598 fossili
280 539 342 597 sale
357 546 391 597 et
402 539 469 596 trita
483 538 644 614 gravitates
662 537 722 596 oris
738 544 769 596 et
785 535 912 595 dentium
929 543 1088 596 extenuare

90 622 201 683 dicitur,
223 621 391 681 Alectorias
404 630 509 680 vocant
520 622 549 678 in
560 619 729 680 ventriculis
739 618 965 702 gallinaceorum
975 620 1131 683 iuven-14⁴1

68 715 135 767 atas
156 704 323 782 crystallina
349 705 466 782 specie,
490 702 685 780 magnitudine
705 703 808 779 fabae,
832 701 936 780 quibus
951 700 1089 762 Milonem

92 788 305 851 crotonensem
319 805 400 847 usum
414 788 444 845 iu
458 787 662 846 certaminibus
673 787 810 845 invictum
825 785 916 845 fuisse
931 784 1023 845 videri
1039 802 1089 844 vo·

90 873 160 933 lunt.
190 870 389 931 Androdamas
404 871 517 947 argenti
532 871 657 930 nitorem
673 869 762 930 habe-t
777 877 808 928 ut
823 869 954 945 adamas,
970 869 1089 947 quadra·

92 959 128 1015 tis
139 972 257 1032 semper
271 953 401 1014 tessellis
416 952 526 1013 similis.
555 951 632 1030 Magi
648 961 748 1031 putant
762 970 867 1013 nomen
881 954 1039 1031 inpositum
1053 951 1089 1012 ab

92 1055 129 1097 eo
146 1037 222 1115 quod
240 1039 364 1116 impetus
384 1033 528 1097 hominum
548 1044 579 1096 et
600 1036 761 1096 iracundias
783 1036 888 1096 domet.
923 1035 1091 1113 Argyroda·

56 1134 150 1180 nomas
168 1119 268 1180 eadem
284 1121 322 1178 sit
339 1138 374 1180 an
395 1120 450 1181 alia
472 1128 606 1180 auctores
630 1136 688 1179 non
706 1119 863 1198 explicant.
895 1119 1069 1197 Antipatbas
1082 1129 1132 1183 145

91 1207 173 1281 nigra
188 1221 246 1263 non
263 1202 395 1264 tralucet.
432 1205 661 1282 experimentum
677 1204 740 1264 eius
758 1211 789 1262 ut
804 1211 944 1280 coquatur
958 1204 988 1262 in
1002 1203 1090 1279 lacte,

90 1288 159 1347 facit
173 1289 249 1347 enim
266 1286 295 1345 id
311 1300 425 1348 murrae
447 1287 550 1358 simile.
589 1289 748 1347 inmensum
765 1286 897 1365 quiddam
915 1288 944 1346 in
959 1286 1012 1346 hac
1031 1288 1091 1347 for·
1129 1363 1132 1368 Ι

92 1372 179 1431 tassia
194 1371 298 1448 aliquis
315 1378 469 1449 exspectet
485 1372 515 1429 in
531 1379 575 1430 tot
586 1370 728 1448 exemplis
740 1372 788 1428 uui
800 1371 992 1447 possessione
1007 1369 1090 1429 huius

91 1455 214 1514 nominis
233 1454 305 1512 data.
337 1462 437 1513 contra
454 1451 687 1513 effascinationes
711 1453 843 1512 auxiliari
864 1469 927 1511 eam
940 1450 1018 1529 Magi
1041 1469 1090 1512 vo-

56 1536 160 1597 ralunt.
188 1535 314 1596 Arabica
331 1537 414 1596 ebori
430 1536 573 1596 simillima
588 1543 651 1612 est,
667 1543 697 1595 et
713 1534 770 1594 hoc
786 1534 951 1612 videretur,
970 1537 1025 1594 nisi
1042 1534 1090 1595 ab·

92 1627 196 1680 uueret
208 1619 319 1679 duritia.
338 1619 411 1679 hano
423 1628 523 1697 putant
535 1629 636 1679 contra
648 1619 768 1678 dolores
780 1635 936 1678 nervorum
947 1619 1091 1696 prodesse

91 1702 274 1763 habentibus.
313 1702 491 1769 Aromatitia
503 1711 532 1763 et
555 1704 618 1781 ipsa
632 1704 661 1761 in
676 1701 786 1762 Arabia
801 1703 963 1778 invenitur,
988 1702 1040 1761 scd
1061 1711 1092 1762 ct

91 1789 121 1846 in
135 1786 274 1864 Aegypto
298 1788 374 1845 circa
387 1785 500 1862 Philas,
517 1787 625 1864 ubique
647 1785 778 1865 lapidosa
801 1793 832 1844 et
845 1803 959 1844 murrae
981 1786 1090 1847 coloris

93 1879 123 1931 et
135 1870 246 1946 odoris,
264 1869 301 1929 ob
313 1869 370 1929 hoc
381 1871 491 1947 reginis
503 1870 693 1948 frequentata.
721 1869 870 1930 Asbestos
885 1869 915 1927 iu
925 1868 1070 1930 Arcadiae
1084 1881 1134 1934 146

57 1952 238 2014 aomontibus
259 1955 386 2014 nascitur
409 1953 518 2013 coloris
542 1954 642 2013 ferrei.
680 1953 840 2032 Aspisatim
858 1951 1041 2012 Democritus
1062 1954 1092 2012 in

92 2038 203 2098 Arabia
214 2039 293 2097 nasci
308 2038 394 2098 tradit
405 2038 484 2115 ignei
497 2036 617 2113 coloris,
634 2046 664 2098 et
676 2047 816 2116 oportere
832 2055 895 2096 cum
910 2036 1012 2096 cameli
1026 2037 1092 2096 fimo

93 2121 233 2199 splenicis
251 2121 418 2198 adalligari,
439 2123 563 2180 inveniri
584 2123 683 2199 utique
704 2123 734 2181 in
749 2121 817 2181 nido
832 2120 1021 2180 Arabicarum
1043 2120 1093 2181 ali·

93 2211 160 2261 tum.
184 2210 214 2261 et
229 2202 313 2261 aliam
326 2203 429 2262 eodem
442 2206 557 2263 nomine
570 2204 609 2262 ibi
625 2206 654 2263 in
666 2203 850 2283 leucopetra
864 2206 943 2264 nasci
958 2207 1091 2282 argentei

93 2285 221 2361 coloris,
240 2285 417 2361 radiantem,
432 2293 531 2345 contra
548 2285 722 2363 lymphatum
738 2288 911 2347 habentium.
945 2286 1073 2346 Atinoen
1086 2297 1133 2352 147

58 2371 123 2430 rain
142 2368 222 2428 ludia
249 2377 280 2427 et
299 2367 427 2428 Persidis
450 2367 580 2428 Acidane
607 2377 705 2429 monte
726 2372 804 2430 nasci
828 2378 970 2447 argenteo
997 2372 1092 2429 nitore

93 2452 270 2530 fulgentem,
289 2450 485 2530 magnitudine
503 2453 588 2510 trium
605 2451 777 2530 digitorum,
800 2452 836 2512 ad
849 2453 1093 2529 lentcculaefigu·

92 2554 169 2610 ram,
190 2537 289 2597 odoris
304 2535 417 2595 iucundi
426 2577 436 2612 ,
458 2536 652 2596 necessariam
666 2532 760 2613 Magis
775 2554 877 2614 regem
893 2535 1093 2595 constituenti·

94 2620 157 2680 bus.
205 2619 321 2696 Augilis
347 2635 404 2677 nou
429 2617 484 2677 alia
509 2617 625 2678 videtur
646 2618 742 2678 nnlns
769 2638 838 2679 csse
859 2636 942 2697 quam
963 2618 1137 2678 callainaro

93 2700 291 2779 Amphidanes
311 2701 369 2761 alio
389 2703 505 2761 nomine
520 2700 703 2777 chrysocolla
720 2703 900 2781 appellatur,
925 2720 1047 2762 nascens
1065 2704 1093 2761 in

59 2784 194 2844 eoladiae
214 2792 297 2863 parte
313 2784 362 2844 ubi
377 2785 517 2845 formicae
533 2793 635 2845 eruunt
654 2800 767 2861 aurum,
784 2788 813 2845 in
829 2802 886 2865 quo
903 2793 933 2846 ct
948 2787 1094 2845 invenitur

94 2885 166 2927 auro
179 2867 281 2927 similis
297 2868 433 2945 quadrata
448 2869 560 2944 figura,
575 2868 738 2928 adfirmatur
752 2878 852 2929 natura
869 2870 931 2930 eius
948 2887 1022 2947 quae
1038 2887 1094 2928 ma-

94 2952 192 3029 gnetis
203 2969 283 3027 esse,
295 2952 350 3010 nisi
363 2950 441 3030 quod
451 2968 561 3028 augere
572 2969 688 3029 quoque
701 2970 798 3013 aurum
810 2954 939 3013 traditur.
959 2952 1074 3030 Aphro·
1086 2961 1137 3015 148

94 3034 203 3095 disiaoa
221 3052 260 3093 cx
278 3034 398 3094 candido
414 3035 477 3094 rufa
492 3041 546 3094 est.
586 3035 735 3112 Apspctos
751 3039 882 3114 septenis
898 3033 1001 3095 diebus
1017 3035 1093 3094 calo·

96 3136 157 3177 rem
174 3126 258 3178 tenet
274 3118 452 3179 excalefacta
467 3119 541 3195 igni,
563 3119 645 3195 nigra
660 3135 694 3177 ac
710 3119 890 3197 ponderosa,
916 3117 1094 3196 distinguen-

62 3216 87 3257 es
97 3200 172 3261 tibus
190 3219 255 3263 eam
271 3203 353 3261 venis
369 3202 548 3262 rubentibus.
576 3209 677 3279 putant
698 3202 841 3280 prodesse
857 3208 957 3261 contra
972 3201 1093 3278 frigora.

96 3284 296 3364 Aegyptillam
315 3284 434 3345 lacchus
455 3285 602 3362 intellegit
627 3303 681 3363 per
703 3285 797 3345 album
826 3283 928 3345 sardae
953 3285 1094 3363 nigraque

97 3371 179 3428 venis
201 3370 435 3445 transeuntibus,
458 3369 562 3446 volgus
579 3377 674 3428 autem
692 3369 819 3445 inpigra
838 3368 936 3429 radiae
959 3368 1095 3429 caerulea

97 3451 187 3530 facia,
205 3471 311 3514 nomen
327 3471 343 3513 a
358 3452 424 3512 loco
