2378 3840
133 197 173 260 64
472 209 501 258 c.
520 209 617 257 eninr
635 206 786 257 snounor

135 365 170 425 ad
181 365 340 426 medicinae
354 383 423 425 usus
436 365 541 443 patinis
560 363 697 424 fictilibus
711 364 859 424 substrato
880 363 998 441 sulpure
1015 363 1137 435 minuto,

136 449 237 508 lamnis
256 450 392 527 inpositis
411 448 547 508 tenuibus
565 449 737 526 opertisque
754 446 873 525 sulpure
889 454 919 506 et
935 447 1015 506 ierro
1030 446 1137 504 mixtis.

135 552 199 593 cum
219 541 377 611 coquatur,
400 532 552 592 munienda
566 533 595 591 in
612 549 649 592 eo
666 548 759 610 opere
776 531 917 590 foramina
931 531 1052 608 spiritus
1070 546 1139 588 con-

137 618 232 692 venit,
261 617 370 695 alioqui
393 616 501 695 plumbi
526 617 686 676 fornacium
707 615 812 674 halitus
834 616 938 674 noxius
961 615 1086 673 sentitur
1108 622 1139 672 et

134 701 295 779 pestilens,
324 708 354 762 et
373 700 491 761 canibus
520 701 672 777 ocissime,
701 701 825 759 omnium
854 715 926 759 vero
956 697 1162 758 metallorums

134 786 240 844 muscis
262 794 292 845 et
315 784 474 862 culicibus,
499 785 687 862 quamobrem
706 800 765 843 non
781 791 847 842 sunt
865 801 900 842 ea
919 783 1013 842 taedia
1034 783 1063 840 in
1078 800 1140 840 me-

93 879 144 937 168
160 869 246 928 taliis.
278 869 391 948 quidam
413 869 441 928 in
458 867 611 946 coquendo
627 867 747 928 scobem
769 866 878 945 plumbi
898 867 963 926 lima
979 867 1140 945 quaesitam

135 953 246 1030 sulpuri
272 955 412 1031 miscent,
436 953 485 1013 alii
507 971 656 1013 cerussam
677 953 775 1031 potius
800 969 883 1028 quam
905 951 1014 1029 sulpur.
1053 950 1084 1009 irt
1110 957 1140 1008 et

135 1036 231 1097 lotura
246 1037 355 1114 plumbi
371 1055 439 1097 usus
463 1039 492 1096 in
507 1037 666 1113 medicina,
686 1055 749 1096 oum
765 1055 798 1096 se
814 1037 879 1114 ipso
896 1036 1000 1095 teritur
1017 1035 1045 1093 in
1062 1050 1138 1093 mor-

136 1122 216 1179 tariis
229 1121 373 1198 plumbeis
391 1121 486 1181 addita
499 1139 574 1200 aqua
589 1121 711 1181 caelesti
725 1120 820 1180 donoc
837 1114 1011 1180 crassescat.
1034 1126 1140 1196 postea
1150 1134 1175 1174 ro

135 1213 326 1280 supernatans
350 1222 423 1281 aqua
445 1204 557 1264 tollitur
579 1207 739 1282 spongeis,
763 1204 840 1281 quod
857 1203 1069 1264 crassissimum
1087 1203 1140 1261 fuit

136 1288 275 1347 siccatum
289 1287 427 1349 dividitur
442 1289 470 1347 in
489 1287 632 1366 pastillos.
662 1287 776 1365 quidam
790 1287 916 1346 limatum
933 1286 1079 1365 plumbum
1097 1287 1140 1344 sic

135 1378 244 1448 terunt,
261 1372 373 1449 quidam
392 1380 422 1431 et
437 1372 652 1450 plumbaginem
667 1372 837 1448 admiscent,
857 1371 904 1430 alii
923 1388 995 1430 vero
1015 1379 1139 1446 acetum,

93 1466 143 1520 169
155 1454 203 1514 alii
223 1457 328 1534 vinum,
345 1456 393 1515 alii
412 1456 536 1534 adipem,
553 1457 602 1516 alii
618 1473 723 1517 rosam.
756 1454 869 1534 quidam
887 1457 916 1514 in
931 1454 1047 1533 lapideo
1064 1471 1140 1513 mor·

136 1540 210 1599 tario
225 1549 254 1599 et
269 1558 400 1599 maxume
414 1540 561 1600 Thebaico
574 1541 739 1619 plumbeum
755 1539 895 1619 pistillum
908 1548 1007 1599 terere
1019 1539 1139 1614 malunt,
1151 1556 1174 1594 re

135 1623 342 1702 candidiusque
358 1626 396 1683 ita
410 1625 441 1685 iit
455 1624 701 1686 medicamentum.
732 1625 761 1684 id
777 1632 872 1684 autem
890 1624 967 1702 quod
982 1631 1077 1682 ustum
1093 1630 1139 1682 est

92 1707 124 1790 ᾖξ’,
136 1705 171 1782 {32
182 1706 327 1784 plumbum
343 1708 455 1769 lavatur
471 1717 502 1769 ut
518 1709 602 1769 stibis
624 1718 654 1768 et
669 1709 800 1769 cadmea.
825 1716 925 1786 potest
941 1708 1138 1784 adstringere,

136 1793 262 1869 sistere,
286 1793 461 1855 contrahere
482 1795 644 1853 cicatrices.
691 1811 758 1852 usus
784 1810 822 1852 ex
845 1791 949 1852 eodem
970 1799 1000 1850 et
1022 1792 1051 1849 in
1072 1808 1139 1851 ocu-

135 1875 228 1935 lorum
245 1876 478 1955 medicamentis,
495 1895 626 1937 maxume
643 1885 744 1937 contra
761 1876 969 1955 procidentiam
988 1891 1090 1934 eorum
1109 1883 1139 1934 et

136 1961 290 2020 inanitates
313 1961 441 2021 ulcerum
463 1963 705 2020 excrescentiave
730 1961 877 2039 rimasque
899 1960 978 2021 sedis
1000 1968 1048 2018 aut
1070 1959 1175 2020 hae-ao

95 2052 146 2108 170
160 2043 342 2103 morrhoidas
376 2053 406 2104 et
437 2043 649 2120 condylomata.
675 2076 679 2084 ·
707 2043 753 2104 hd
782 2044 855 2104 haec
884 2062 1015 2104 maxume
1044 2044 1140 2104 lotura

124 2126 243 2204 -plumbi
269 2127 356 2203 iacit,
379 2128 452 2187 cinis
477 2136 571 2188 autem
587 2130 646 2188 usti
668 2127 703 2188 ad
719 2129 868 2207 serpentia
892 2128 990 2188 ulcera
1012 2136 1061 2187 aut
1076 2145 1139 2187 sor·

135 2209 403 2289 dida„eademque
423 2228 497 2292 quae
520 2212 628 2272 chartis
650 2213 726 2273 ratio
741 2212 900 2291 proiectus.
932 2214 1025 2272 uritur
1043 2220 1139 2271 autem

136 2295 164 2354 in
181 2295 286 2371 patinis
302 2313 357 2374 per
372 2297 479 2356 lamnas
494 2298 616 2357 minutas
632 2315 696 2357 cum
711 2298 842 2377 sulpure,
859 2305 1005 2358 versatum
1017 2295 1137 2355 rudibus

134 2378 241 2438 ferreis
270 2388 318 2439 aut
344 2380 517 2459 ferulaceis,
549 2382 643 2442 donec
671 2381 767 2460 liquor
792 2389 919 2442 mutetur
945 2383 974 2440 in
998 2381 1173 2439 cineremas

136 2462 202 2522 dein
226 2465 432 2542 refrigeratum
456 2467 561 2527 teritur
582 2467 611 2525 in
630 2466 758 2527 farinam.
789 2465 836 2524 alii
858 2465 1000 2525 elimatam
1017 2463 1137 2523 scobem

134 2548 164 2606 in
189 2546 270 2608 lictili
296 2548 385 2610 crudo
406 2559 511 2611 cocunt
534 2552 562 2609 in
586 2551 704 2610 caminis
729 2549 824 2608 donec
840 2555 1036 2628 percoquatur
1062 2546 1136 2624 figli-

134 2649 210 2692 num.
240 2631 328 2711 aliqui
349 2652 496 2695 cerussam
520 2633 678 2694 admiscent
699 2634 762 2711 pari
777 2651 912 2695 mensura
932 2641 981 2694 aut
995 2631 1137 2693 hordeum

93 2735 129 2771 ne
142 2723 297 2792 teruntque
317 2725 347 2775 ut
365 2719 395 2776 in
413 2719 503 2778 crudo
516 2717 621 2777 dictum
634 2725 692 2794 est,
709 2725 739 2776 et
754 2718 926 2795 praeierunt
936 2717 979 2779 sic
990 2716 1137 2795 plumbum

134 2798 238 2876 spodio
259 2796 379 2876 Cyprio.
1147 2812 1173 2854 so

93 2891 142 2946 lli
208 2882 292 2959 (51.)
310 2880 412 2943 Scoria
437 2901 554 2962 quoquo
577 2884 687 2963 plumbi
710 2886 739 2944 in
753 2904 807 2946 usu
830 2895 883 2947 est.
926 2893 1043 2964 optuma
1061 2901 1137 2962 quae

134 2981 264 3026 maxume
286 2965 322 3025 ad
344 2966 453 3027 luteum
473 2968 604 3030 colorem
629 2969 760 3048 accedit,
786 2972 850 3031 sine
873 2970 981 3049 plumbi
1003 2969 1137 3046 reliquiis

134 3058 182 3109 aut
195 3048 322 3128 sulpuris
335 3053 437 3129 specie
453 3060 483 3112 et
498 3060 577 3115 terra
597 3071 708 3114 carens.
735 3054 846 3115 lavatur
861 3053 934 3115 haec
947 3055 978 3114 in
990 3053 1137 3114 mortariis

135 3134 263 3192 minutim
283 3135 374 3194 fracta
393 3135 487 3197 donec
501 3154 574 3216 aqua
594 3138 703 3198 luteum
721 3139 851 3201 colorem
866 3139 976 3217 trahat,
1000 3148 1029 3199 et
1045 3138 1140 3197 transi

135 3216 261 3277 tunditur
273 3221 360 3280 invas
368 3237 482 3298 purum,
493 3220 580 3299 idque
593 3224 722 3302 saepius,
731 3242 824 3303 usque
840 3224 904 3284 dum
914 3223 1045 3285 subsidat
1058 3220 1137 3301 quod
1147 3235 1174 3277 as

134 3301 315 3363 utilissimum
335 3312 391 3364 est.
427 3303 549 3365 effectus
565 3305 654 3367 habet
670 3308 790 3370 eosdem
806 3326 878 3387 quos
896 3309 1058 3387 plumbum,
1083 3305 1136 3366 sed

134 3387 273 3447 acriores.
286 3389 441 3467 mirarique
453 3392 594 3451 succurrit
607 3394 821 3471 experientiam
828 3395 917 3470 vitae,
928 3410 965 3452 ne
976 3393 1061 3453 faece
1074 3390 1136 3470 qui·

121 3467 300 3530 demrerum
308 3467 778 3559 excrementorumque'foeditate
790 3479 960 3555 intemptata
973 3486 1016 3537 tot
1028 3477 1134 3537 modis.
