2378 3840
112 217 149 277 10
454 229 483 278 e.
507 231 601 277 autur
621 227 770 276 saeuum
867 210 878 229 ‘

111 382 247 459 trossuli,
266 402 328 443 cum
344 382 479 460 oppidum
495 385 523 441 in
536 383 638 441 Tuscis
656 382 727 441 citra
742 381 892 440 Volsinios
909 398 935 458 p.
948 381 1031 447 Vin-1
1043 382 1106 439 sine

110 467 170 526 ullo
193 467 320 543 peditum
338 467 502 525 adiumento
524 468 673 542 cepissent
689 466 752 525 eius
773 464 923 540 vocabuli,
948 464 1033 541 idque
1056 463 1106 521 du-

68 551 186 615 bitavit
207 550 281 608 ultra
304 547 334 608 C.
360 547 523 608 Gracchum.
560 548 657 607 lunius
681 557 763 608 certe
785 550 832 625 qui
851 548 886 607 ab
903 549 1025 607 amicitia
1042 549 1104 606 eius

112 632 291 692 Gracchanus
304 631 464 710 appellatus
476 640 521 692 est
533 633 671 709 scriptum
683 632 801 709 reliquit
815 630 858 690 his
872 631 987 690 verbis:
1005 627 1106 701 Quod

111 716 153 775 ud
180 725 396 792 equestrem
420 715 583 774 ordinem
609 716 749 774 attinet
777 723 885 774 antea
912 714 1126 774 trossulose

110 800 309 875 vocabant,
344 816 433 857 nunc
464 800 615 876 equites
648 806 780 858 vocant
811 799 897 857 ideo
926 799 1009 873 quia
1037 814 1105 855 non

111 881 343 958 intellegunt
360 881 549 940 trossulos
566 898 692 939 nomeu
712 882 797 959 quid
819 879 939 940 valcat
960 880 1105 939 multos·

111 983 180 1043 que
202 965 313 1042 pudet
335 982 377 1023 eo
400 967 544 1024 nomine
564 963 775 1041 appellari,
792 973 821 1023 et
838 981 952 1023 causam
968 981 1040 1040 quae
1059 982 1105 1022 su-

110 1065 161 1125 pra
176 1047 298 1107 indicata
320 1057 366 1106 est
390 1049 511 1125 exponit
528 1049 695 1125 invitosque
714 1050 864 1107 etiamnum
882 1057 976 1105 tamen
995 1055 1106 1104 trossu-

111 1130 156 1190 los
173 1133 281 1191 vocari.
1118 1147 1140 1186 ιι

67 1223 100 1278 at
177 1213 257 1290 (10.)
280 1213 351 1271 Sunt
369 1212 460 1271 adhuc
477 1212 590 1290 aliquae
613 1229 669 1271 uon
696 1214 869 1273 omittendae
891 1215 919 1271 in
937 1231 1006 1272 auro
1025 1213 1105 1272 dille-

111 1298 231 1355 rcntiae.
245 1294 350 1354 auxilia
362 1298 469 1372 quippe
482 1304 511 1355 et
525 1304 664 1355 externos
677 1297 827 1373 torquibus
839 1298 934 1356 aureis
946 1296 1104 1371 donavere,

110 1380 224 1438 atcivis
241 1381 367 1437 nonnisi
391 1380 556 1455 argenteis,
585 1387 757 1457 praeterque
782 1379 905 1439 armillas
926 1379 1038 1439 civibus
1057 1378 1106 1437 de-

110 1462 181 1522 dere
198 1479 268 1539 quas
283 1479 340 1520 uon
358 1461 462 1522 dabant
478 1464 618 1522 externis.

65 1555 102 1611 38
173 1545 253 1623 (11.)
274 1544 380 1622 lidem,
401 1563 458 1623 quo
480 1548 570 1623 magis
591 1547 742 1623 miremur,
763 1564 888 1606 coronas
911 1565 949 1606 ex
970 1562 1039 1604 auro
1057 1544 1139 1604 de-rr

111 1628 181 1688 dere
199 1637 228 1687 ct
243 1628 363 1688 civibus.
398 1631 462 1706 quis
479 1631 586 1708 primus
602 1629 722 1689 donatus
738 1632 775 1690 sit
790 1649 825 1690 ea
841 1647 898 1689 uon
913 1630 1009 1688 inveni
1026 1629 1105 1706 equi·

111 1712 191 1787 dem,
209 1713 273 1788 quis
291 1713 398 1790 primus
414 1711 566 1772 donaverit
581 1731 596 1771 a
612 1712 643 1771 L.
658 1712 765 1772 Pisone
786 1713 915 1772 traditur.
948 1713 983 1770 A.
1001 1711 1104 1770 Postu-

110 1798 182 1854 mius
219 1795 343 1855 dictator
378 1796 452 1874 apud
488 1795 579 1854 lacum
617 1793 762 1870 Regillum
798 1796 900 1854 castris
939 1793 1105 1853 Latinorum

111 1881 284 1957 expugnatis
300 1897 364 1937 eum
384 1881 463 1938 cuius
484 1896 614 1936 maxume
631 1895 722 1954 opera
737 1885 819 1955 capta
838 1886 938 1935 essent
954 1876 994 1910 *i
1033 1877 1105 1936 hanc

111 1979 246 2021 coronam
264 1979 300 2020 en
318 1960 424 2037 praeda
440 1959 519 2018 dedit
534 1962 603 2018 item
619 1958 649 2018 b.
666 1958 880 2018 Lentulus-cos.
911 1958 1016 2017 Servio
1033 1957 1140 2018 Cor-to

110 2044 188 2102 nelio
211 2042 366 2101 Merendae
390 2042 544 2100 Samnitum
560 2041 668 2118 oppido
692 2049 796 2118 capto,
819 2042 870 2101 scd
893 2041 957 2099 huic
978 2042 1105 2119 quinque

110 2126 254 2184 librarum.
284 2124 353 2184 Piso
369 2124 458 2201 Frugi
473 2123 561 2182 tilium
577 2143 615 2183 en
626 2125 737 2202 privata
748 2126 871 2201 pecunia
888 2124 1016 2200 donavit,
1031 2142 1106 2182 earn-

110 2226 165 2285 que
181 2225 316 2266 coronam
332 2216 504 2267 testamento
520 2209 547 2267 ei
564 2207 753 2286 praelegatit.

66 2301 101 2356 39
174 2292 202 2352 3.
233 2291 315 2370 (tt.)
337 2291 464 2351 Deorum
485 2291 603 2351 honoris
626 2294 654 2351 in
669 2297 758 2352 sacris
780 2291 849 2351 nihil
866 2291 942 2350 aliud
958 2293 1105 2368 excogita-

110 2382 167 2432 tum
183 2383 228 2433 est
243 2393 325 2453 quam
342 2384 371 2433 ut
387 2376 492 2434 auratis
509 2376 645 2435 cornibus
661 2376 791 2451 hostiae,
806 2376 931 2434 maiores
948 2375 1104 2451 dumtaxat,
1115 2397 1139 2434 ae

109 2457 324 2517 inmolarentur.
357 2458 408 2518 sed
432 2460 461 2516 in
477 2458 576 2517 militia
592 2477 706 2536 quoque
721 2460 750 2516 in
768 2466 874 2516 tantum
890 2457 1018 2517 adolevit
1034 2456 1105 2517 haec

110 2540 221 2600 luxuria
238 2551 267 2599 ut
281 2540 317 2600 Μ.
334 2541 413 2600 Bruti
427 2561 443 2600 c
457 2541 625 2619 Philippicis
641 2543 748 2618 campis
763 2540 906 2617 epistulae
922 2543 1106 2618 reperiantur

110 2625 260 2684 frementis
283 2624 385 2684 fibulas
408 2624 574 2683 tribunicias
596 2642 633 2682 ex
658 2640 728 2682 auro
750 2625 823 2699 geri.
865 2625 920 2700 ita,
950 2623 1104 2699 hercules,

110 2707 185 2764 idem
202 2709 276 2764 enim
292 2715 322 2763 tu
329 2705 463 2782 ,Brute‚
485 2707 634 2764 mulierum
653 2704 774 2782 pedibus
790 2723 888 2766 aurum
904 2715 1048 2784 gestatum
1065 2716 1104 2764 ta·

111 2790 211 2861 cuisti,
229 2797 257 2845 et
276 2806 328 2846 nos
344 2788 466 2847 sceleris
482 2791 626 2864 arguimus
642 2787 721 2847 illum
737 2791 785 2866 qui
801 2790 908 2887 primus
925 2807 995 2850 auro
1014 2789 1104 2866 digni·
1095 2809 1139 2850 ·ao

111 2877 198 2928 tatem
218 2887 272 2946 per
297 2869 398 2929 anulos
419 2869 502 2928 lecit!
526 2870 678 2930 habeant
670 2889 699 2930 rn
723 2871 872 2932 lacertis
864 2890 918 2931 ram
944 2872 1058 2951 quidem
1075 2881 1105 2932 et

110 2950 183 3027 viri,
199 2952 275 3029 quod
292 2972 329 3011 ex
345 2952 484 3012 Dardanis
501 2955 581 3012 uenit
598 2956 695 3054 itaque
712 2963 740 3014 ct
756 2953 928 3014 Dardanium
944 2955 1111 3033 vocabatur

64 3045 153 3098 40-
167 3036 288 3095 viriolae
304 3034 414 3096 Celtice
436 3038 584 3114 dicuutur,
607 3039 696 3098 viriae
713 3036 948 3099 Celtiberice—
954 3023 1104 3115 ,habeant

109 3119 259 3180 feminae
252 3139 281 3180 ιιι
302 3120 418 3180 armillis
441 3119 596 3198 digitisque
621 3122 689 3180 totis
699 3121 827 3198 ,collo,
851 3123 967 3183 auribus
976 3123 1102 3201 ,spiris,

110 3203 270 3263 discurrant
296 3213 415 3263 catenae
439 3205 515 3263 circa
530 3203 620 3265 lutera
644 3214 673 3264 et
695 3207 724 3264 iu
746 3214 864 3265 secreto
887 3208 1138 3283 margaritarumns

110 3287 215 3345 sacculi
233 3308 249 3346 e
266 3287 343 3346 collo
362 3287 537 3347 dominarum
552 3305 641 3348 aureo
658 3288 803 3366 pendeant
819 3297 848 3348 ut
864 3292 892 3347 in
907 3305 1017 3349 sommo
1034 3306 1105 3366 quo·

109 3385 165 3444 que
187 3371 320 3428 unionum
342 3370 520 3429 conscicntia
548 3372 638 3448 adsit,
671 3373 795 3431 etiamne
821 3372 944 3448 pedibus
971 3372 1106 3431 induetur

97 3458 192 3523 atque
209 3454 291 3511 Inter
304 3453 408 3514 stolam
423 3452 600 3535 plebemque
617 3455 690 3514 huuc
705 3454 827 3514 medium
838 3455 1005 3514 feminarum
1018 3472 1106 3532 eque·
