2378 3840
223 199 230 209 ’
313 207 394 256 uan.
417 202 509 251 mrsu.
531 203 666 250 xxxvn.
689 201 714 256 7.
731 205 757 259 8.
783 195 934 275 (31-37.)
1047 194 1105 255 163

99 364 239 438 cantium,
266 363 295 420 in
320 380 377 441 quo
404 363 484 422 varia
505 363 630 423 fortuna,
668 360 782 440 quidam
803 362 861 420 ictu
883 362 976 438 primo
998 377 1107 438 cepero

45 503 50 511 .
99 445 276 524 praeclaras,
295 446 375 505 multi
391 445 426 505 ad
441 454 590 506 senectam
604 445 706 505 nullas.
732 452 764 504 et
778 453 900 504 venatus
920 443 1035 522 quidem
1050 443 1106 502 cal·

99 530 184 597 lainis
200 529 267 589 talis
284 538 337 589 est.
359 539 475 589 sectura
490 529 557 589 inde
573 529 742 606 formantur,
754 527 826 588 alias
840 528 969 605 fragiles.
996 525 1148 605 Opto-111

98 614 152 671 mis
173 613 257 672 color
277 613 440 690 zmaragdi,
465 622 496 673 ut
517 621 612 672 tamen
632 612 771 690 adpareat
792 611 915 672 alienam
937 630 1005 671 csse
1028 611 1106 689 quod

71 695 220 774 splaccat.
253 695 382 756 inclusae
406 695 583 756 decorantur
604 713 693 774 auro,
716 713 874 773 aurumque
894 695 991 754 nullae
1014 696 1106 772 magis

98 779 213 840 decent.
242 787 398 856 quaesunt
417 798 515 839 earum
532 779 715 858 pulchriores
733 780 819 855 oleo,
836 785 1002 857 unguento,
1019 780 1106 838 etiam

97 880 180 925 mero
196 863 326 923 colorem
338 861 509 940 deperdunt.
537 863 659 923 viliores
677 865 858 923 constantius
870 871 1105 940 repraesentant,

97 965 194 1025 noque
216 954 263 1006 est
284 944 453 1006 imitabilior
474 946 530 1007 alia
552 947 702 1006 mendacio
721 948 797 1006 vitri.
833 945 905 1005 Sunt
921 948 969 1024 qui
986 948 1016 1005 in
1033 945 1106 1006 Ara·

98 1031 146 1089 bia
170 1030 295 1090 inveniri
322 1047 372 1089 eas
394 1030 491 1090 dicant
510 1032 539 1090 in
560 1030 633 1090 nidis
657 1032 751 1089 avium
775 1047 845 1108 quas
860 1029 1105 1107 melancoryphos

64 1120 213 1176 rovocant.

160 1197 242 1276 (34.)
261 1197 453 1258 Viridantium
469 1207 500 1258 et
514 1197 569 1258 alia
582 1197 665 1275 plura
681 1206 748 1258 sunt
758 1215 879 1275 genera.
899 1197 1013 1257 vilioris
1026 1205 1085 1256 tur·
1099 1209 1149 1263 113

98 1281 153 1342 bae
176 1283 310 1360 prasius,
333 1283 413 1343 cuius
428 1282 551 1342 alterum
567 1300 660 1358 genus
683 1283 851 1359 sanguineis
867 1283 981 1360 punctis
1001 1280 1105 1341 abhor-

97 1374 162 1444 ret,
184 1367 302 1425 tertium
326 1366 449 1442 virgulis
472 1365 564 1424 tribus
583 1366 748 1425 distinctum
768 1366 905 1425 candidis.
935 1365 1105 1424 Praefertur

97 1449 142 1507 his
164 1448 376 1527 chrysoprasus
399 1450 480 1526 porri
502 1465 600 1507 sucum
625 1450 742 1525 etipsa
768 1448 918 1521 referens,
946 1447 999 1506 sed
1019 1447 1093 1506 haec
1106 1468 1141 1503 roa

63 1531 213 1612 rspaulum
225 1531 351 1592 declinat
367 1549 384 1590 a
404 1540 510 1609 topazo
528 1532 558 1590 iu
573 1548 680 1591 aurum.
703 1530 770 1590 huic
786 1540 816 1590 et
832 1530 989 1609 amplitudo
1009 1549 1044 1591 ea
1060 1539 1106 1590 est

97 1625 129 1675 ut
146 1616 258 1692 cymbia
278 1617 364 1675 etiam
380 1633 419 1675 ex
434 1633 469 1674 ea
483 1616 563 1690 liant,
578 1613 701 1691 cylindri
716 1615 831 1692 quidem
847 1614 1035 1674 creberrime.
1045 1652 1061 1671 .-

161 1700 242 1779 (35.)
261 1699 341 1759 lndia
354 1708 385 1759 ct
396 1699 448 1758 has
459 1707 582 1776 generat
597 1707 626 1758 et
639 1697 738 1757 nilion.
752 1698 868 1775 fulgore
882 1698 917 1758 ab
931 1716 965 1758 ea
978 1699 1083 1758 distau·
1096 1708 1148 1762 114

97 1790 155 1844 tem
172 1783 255 1843 brevi
272 1791 314 1860 et,
332 1801 396 1842 cum
414 1784 557 1858 intueare,
575 1781 670 1842 fallaci
686 1781 810 1841 Sudines
827 1783 896 1842 dicit
912 1791 942 1842 et
956 1784 985 1842 iu
998 1782 1104 1843 Sibero

97 1867 214 1927 Atticae
237 1866 353 1927 ilumine
376 1869 464 1926 nasci.
502 1875 549 1926 est
568 1874 663 1925 autem
685 1865 770 1926 color
789 1866 913 1926 fumidae
937 1867 1033 1944 topazi
1057 1873 1106 1925 aut

60 1950 250 2029 maliquando
268 1951 403 2012 melleae.
435 1950 506 2010 luha
524 1949 726 2029 indethiopia
747 1950 828 2027 gigni
852 1950 938 2010 tradit
962 1953 991 2009 in
1011 1943 1104 2010 litori·

96 2034 150 2095 bus
169 2037 260 2095 amnis
277 2054 363 2114 quem
378 2034 474 2095 Nilum
488 2052 625 2094 vocamus
644 2042 674 2094 et
690 2034 757 2094 inde
774 2052 880 2095 nomen
896 2033 1022 2094 trahere.

157 2119 239 2197 (36.)
261 2118 328 2178 Nou
350 2119 475 2178 tralucet
495 2118 672 2178 molochitis.
698 2120 822 2197 spissius
839 2121 916 2179 viret
931 2127 962 2178 et
976 2120 1103 2178 crassius

97 2219 180 2279 quam
196 2201 367 2277 zmaragdus
384 2200 420 2260 ab
439 2202 542 2261 colore
556 2201 667 2261 malvae
684 2204 800 2262 nomine
818 2194 961 2281 acceptoj
981 2203 1104 2263 redden·

97 2285 140 2344 dis
167 2284 280 2344 laudata
308 2285 400 2361 signis
423 2293 453 2344 ct
476 2284 613 2343 infantum
640 2281 772 2344 custodia
797 2286 980 2365 quodamque
1005 2289 1104 2345 innato

61 2378 198 2429 utcontra
213 2367 345 2447 pericula
359 2367 559 2428 medicamine.
579 2369 708 2427 nascitur
723 2370 752 2427 in
768 2367 887 2429 Arabia.

158 2454 242 2533 (37.)
263 2451 350 2512 Virct
365 2461 396 2512 et
414 2469 506 2531 saepe
523 2451 648 2511 tralucet
663 2453 771 2530 iaspis,
791 2454 877 2512 etiam
895 2454 971 2512 victa
986 2453 1147 2517 multis116

96 2539 275 2616 antiquitatis
298 2536 421 2613 gloriam
443 2537 583 2596 retinens.
617 2535 766 2612 plurumae
787 2536 885 2595 ierunt
907 2555 969 2597 eam
985 2546 1104 2614 gentes,

97 2620 249 2697 zmaragdo
262 2619 386 2679 similem
397 2619 471 2696 ludi,
487 2618 601 2699 Cypros
617 2618 716 2678 duram
731 2619 895 2696 glaucoque
908 2623 1019 2699 pingui,
1034 2621 1104 2681 Per-

97 2720 149 2763 sae
163 2705 224 2763 aeri
242 2703 364 2764 similem
382 2721 456 2781 quae
472 2704 510 2764 ob
525 2705 553 2764 id
569 2711 690 2764 vocatur
704 2704 846 2763 aerizusa.
870 2703 935 2765 talis
952 2714 982 2764 et
999 2703 1104 2784 Caspia

59 2795 162 2864 coest,
185 2787 322 2863 caerulea
343 2795 389 2847 est
410 2788 487 2846 circa
508 2787 755 2848 Thermodontem
775 2805 902 2866 amnem,
925 2788 955 2848 iu
976 2788 1103 2867 Phrygia

95 2888 242 2949 purpurea
257 2879 287 2930 ct
301 2873 331 2930 in
344 2867 529 2949 Cappadocia
541 2890 580 2930 ex
593 2889 721 2950 purpura
736 2871 883 2949 caerulea,
902 2874 995 2932 tristis
1014 2882 1102 2952 atque

95 2972 154 3014 non
182 2953 343 3032 rciulgcus.
377 2956 497 3014 Amisos
519 2953 635 3014 Indicae
659 2955 782 3016 similem
803 2957 907 3034 mittit,
936 2955 1103 3017 Calchedon

96 3038 245 3098 turbidam.
281 3038 334 3098 sed
354 3039 447 3098 minus
470 3039 563 3097 relcrt
584 3039 719 3098 nationes
738 3056 823 3116 quam
841 3039 989 3100 bonitates
1003 3041 1103 3099 distin-

14 3126 23 3135 *
96 3140 199 3199 gnere.
234 3130 349 3199 optuma
366 3139 441 3200 quae
456 3139 603 3200 purpurae
619 3121 728 3199 aliquid
746 3122 846 3199 habet,
862 3124 988 3182 secunda
1006 3141 1080 3200 quac
1092 3135 1144 3188 116

59 3220 200 3282 carosne,
222 3207 308 3265 tertia
324 3224 399 3284 quae
417 3206 571 3282 zmaragdi.
606 3204 730 3281 singulis
748 3203 851 3266 Gracci
872 3208 987 3266 nomina
1004 3225 1043 3266 ex
1058 3225 1101 3266 ar·

95 3296 232 3368 gumento
256 3289 374 3350 dedere.
411 3297 513 3368 quarta
528 3289 603 3367 apud
618 3306 672 3348 eos
689 3297 811 3349 vocatur
830 3289 931 3367 boria,
954 3290 1036 3351 caelo
1053 3309 1101 3349 au-

96 3373 211 3434 tumnali
227 3375 366 3434 matutino
382 3374 502 3452 similis,
524 3383 555 3433 et
571 3373 644 3433 haec
660 3374 716 3433 crit
738 3373 787 3433 illa
802 3392 876 3452 qnae
892 3383 1012 3435 vocatur
1026 3376 1100 3434 aeri·

96 3474 172 3517 zusa.
210 3458 310 3519 similis
334 3467 380 3518 est
402 3466 433 3519 et
454 3457 557 3519 sardae
565 3501 575 3536 ,
598 3459 707 3516 imitata
729 3465 759 3518 ct
782 3458 894 3518 uiolas.
920 3458 1003 3569 ξω
1014 3459 1122 3509 niam

899 3541 945 3596 m
956 3544 962 3554 '
