2378 3840
120 144 178 206 166
454 157 483 206 c.
501 159 597 207 runnu
616 159 766 207 sucnnnr
841 210 843 215 ,

114 312 186 372 teris
209 311 350 372 subicitur
365 311 572 390 aurichalcum,
600 316 715 374 tametsi
738 315 840 376 exiere
855 316 911 376 iam
925 316 965 377 ¹de
985 334 1118 394 gemma-

116 413 254 454 rumusu.

72 487 121 542 117
182 478 261 559 (43.)
289 480 483 559 Appellantur
508 480 622 558 aliquae
650 489 680 541 et
705 480 941 559 chryselectroe,
973 483 1003 542 in
1032 482 1119 543 colo-

113 580 175 622 rem
195 563 299 623 electri
320 563 518 642 declinantes,
545 566 683 624 matutioo
706 574 800 626 tameo
825 574 933 626 tantum
961 565 1115 644 adspectu.

113 645 249 706 Ponticas
268 646 460 726 deprehendit
481 647 594 707 levitas.
629 649 766 726 quaedam
782 648 871 708 durae
886 658 952 709 sunt
968 667 1002 709 ac
1017 649 1140 727 rulae,n

114 729 253 806 qrraedam
267 731 384 807 molles,
396 730 539 791 sordidae.
564 730 696 791 Bocchus
712 740 874 793 auctorest
889 741 918 792 et
933 734 962 792 io
973 730 1118 809 Hispania

78 821 271 890 arepertum,
287 832 344 892 quo
360 815 389 874 in
403 814 471 875 loco
489 813 654 890 crystallum
669 815 741 875 dixit
758 815 794 875 ad
809 815 1009 877 libramentum
1019 833 1116 894 aquae

113 897 208 972 puteis
224 896 350 957 defossis
368 899 441 976 erni,
459 896 659 974 chrysolithon
675 897 731 958 Xll
747 898 874 977 pundoa
893 915 926 960 se
942 899 1043 959 visam.

70 988 122 1042 128
185 981 267 1079 (44.)
287 980 373 1041 Fiunt
396 989 425 1040 et
449 980 633 1058 leucochrysi
654 983 867 1042 interveniente
891 982 1010 1043 candida
1025 1001 1113 1042 vena.

113 1065 198 1122 suot
190 1082 218 1123 ιιι
230 1064 286 1124 hoc
297 1083 409 1141 genere
420 1065 552 1142 capniae,
564 1073 629 1124 sunt
641 1073 670 1125 et
681 1067 784 1125 vitreis
797 1064 917 1144 similes,
929 1065 1009 1126 velut
1021 1082 1114 1126 croco
1126 1083 1152 1125 m

112 1146 268 1223 fulgentes.
304 1150 382 1208 vitro
403 1149 600 1208 adulterantur
625 1157 657 1207 ut
677 1150 742 1208 visu
763 1149 888 1209 discerni
912 1149 1114 1261 nonpossint,

112 1237 203 1288 tactus
216 1230 369 1309 deprendit
385 1230 536 1309 tepidior'
528 1249 557 1289 ιιι
571 1231 684 1290 vitreis

172 1313 252 1391 (45.)
272 1312 1114 1398 lueodemgeneresuntmelichrysivelutiperaurumsiu·

111 1396 276 1457 ceromelle
289 1396 459 1456 tralucente
476 1393 681 1458 haslndiaiert
682 1398 1114 1477 ,quamquaminduritiairagi

110 1477 158 1558 hs,
167 1498 224 1540 non
236 1481 372 1558 ingratas
393 1480 493 1541 eadem
501 1489 531 1540 et
539 1480 649 1541 xuthon
658 1482 885 1561 parrtpleberam
895 1483 951 1542 snhr
959 1499 1113 1558 gemmam
1124 1500 1150 1540 ιιι

69 1573 119 1626 129
181 1565 262 1642 (46.)
285 1562 473 1624 candidarum
493 1563 551 1623 dux
571 1573 618 1624 est
639 1563 800 1643 paederos,
823 1583 990 1644 quamquam
1008 1568 1113 1643 quaeri
1183 1628 1188 1637 ,

111 1656 212 1726 potest
226 1649 255 1706 in
267 1665 324 1726 quo
337 1647 438 1707 colore
452 1649 594 1707 numerari
610 1647 728 1726 debeat,
745 1651 853 1708 totiens
865 1650 962 1708 iactati
974 1666 1029 1727 per
1040 1647 1114 1709 alie·

110 1749 161 1790 nas
178 1729 406 1809 pulchritudines
422 1731 564 1806 nominis,
587 1729 660 1791 adeo
677 1740 707 1791 ut
724 1731 839 1791 decoris
859 1732 1067 1811 praerogativa
1081 1734 1113 1793 in

110 1814 253 1880 vocabulo
276 1815 351 1874 lacta
367 1817 414 1874 sit.
453 1814 505 1874 sed
520 1822 615 1874 tamen
631 1822 661 1874 et
679 1833 759 1875 suum
774 1833 868 1892 genus
885 1815 1111 1893 exspectatione

109 1906 187 1957 tanta
203 1898 326 1975 dignum.
355 1906 462 1958 coeunt
479 1899 587 1975 quippe
604 1899 633 1956 in
650 1897 816 1978 tralucidam
830 1898 996 1975 crystallum
1007 1898 1111 1959 viridis
1121 1919 1148 1960 ao

111 1999 164 2041 suo
179 1982 265 2041 modo
289 1999 339 2040 aer
354 1980 495 2058 simulque
517 1997 661 2058 purpurae
678 1988 708 2040 et
733 1981 845 2057 quidam
860 1983 919 2040 vini
935 1983 1016 2041 aurei
1031 1983 1112 2042 nitor

68 2077 119 2130 130
129 2082 246 2142 semper
259 2072 405 2124 extremus
421 2065 450 2121 in
463 2064 537 2138 visu,
547 2062 599 2121 sed
611 2081 737 2143 purpura
746 2069 1036 2142 sempercoronatus.
1051 2083 1111 2125 ma-

109 2148 180 2208 dere
197 2146 313 2206 videtur
330 2155 360 2205 et
376 2144 498 2222 singulis
516 2145 561 2205 his
580 2154 610 2206 et
624 2149 734 2225 pariter
747 2149 894 2226 omnibus,
912 2166 967 2207 nec
983 2165 1112 2224 gemma-

109 2248 171 2290 rum
190 2248 257 2289 esse
274 2229 332 2288 ulla
343 2230 482 2308 liquidior
496 2238 596 2308 potest
614 2231 736 2292 iucunda
751 2234 891 2292 suavitate
907 2230 1010 2291 oculis.
1035 2229 1111 2293 haec

108 2313 302 2374 laudatissima
318 2322 364 2374 est
380 2313 517 2391 inludis,
540 2313 614 2392 apud
630 2332 703 2392 quos
721 2332 870 2391 sangenon
885 2322 1023 2389 vocatur,
1039 2332 1110 2391 pro·
1120 2333 1147 2373 aa

107 2414 191 2457 xuma
204 2399 234 2456 in
245 2396 397 2476 Aegypto,
412 2398 461 2457 uhi
476 2399 597 2474 tenites,
608 2399 694 2458 tertia
708 2399 736 2456 io
747 2395 866 2470 Arabia,
881 2413 981 2454 verum
992 2397 1110 2476 scabra,

108 2490 166 2539 tum
180 2480 301 2540 Pontica
322 2499 396 2559 quae
415 2480 531 2540 mollius
552 2481 660 2555 radiat,
683 2479 786 2538 Thasia
803 2486 890 2537 —et
910 2479 972 2554 ipsa
988 2478 1110 2542 mollior

109 2571 155 2623 cst
172 2598 230 2640 -,
255 2563 381 2624 Galatica
399 2571 429 2623 et
444 2564 566 2624 Thracia
586 2572 615 2623 et
634 2561 748 2640 Cypria.
778 2562 849 2620 vitia
868 2578 964 2621 earum
981 2559 1110 2638 languor

107 2656 155 2707 aut
171 2647 273 2707 alienis
292 2647 403 2708 turbari
417 2647 566 2707 coloribus
582 2655 699 2723 atquae
717 2653 887 2705 ceterarum.

66 2743 115 2797 131
176 2733 257 2810 (47.)
288 2730 431 2790 Proxuma
457 2730 664 2790 candicantium
687 2735 733 2787 est
757 2730 875 2791 asteria.
915 2730 1147 2808 principatnmeo

107 2815 196 2874 hahet
212 2815 393 2891 proprietate
408 2822 540 2888 naturae,
557 2810 633 2888 quod
648 2809 786 2871 inclusam
800 2811 895 2873 lucem
910 2812 1020 2891 pupilla
1038 2830 1109 2890 qua·

107 2898 170 2977 dam
195 2897 333 2954 continet.
362 2896 435 2956 hanc
454 2892 626 2955 transfundit
641 2910 703 2953 curo
723 2896 911 2956 inclinatione
926 2895 1008 2956 velut
1029 2897 1107 2957 intus

107 2979 308 3041 ambulantem.
338 2978 396 3039 alio
420 2987 506 3056 atque
524 2976 581 3036 alio
599 2977 667 3037 loco
687 2978 812 3039 reddens
842 2979 942 3040 eadem
960 2982 1108 3041 contraria

108 3064 163 3124 soli
179 3063 290 3140 regerit
307 3060 482 3122 candicantis
496 3060 593 3121 radios
609 3062 639 3120 in
654 3062 768 3122 modum
780 3062 895 3140 stellae,
911 3064 987 3123 node
999 3079 1106 3124 nomen

106 3150 224 3208 invenit.
248 3146 381 3206 difficiles
398 3145 521 3205 inludia
544 3153 628 3205 natae
644 3144 680 3205 ad
694 3146 868 3206 caelandum.
900 3147 1144 3224 praeferunturas

108 3229 302 3291 Carmanicae.

64 3325 114 3379 132
180 3316 260 3395 (48.)
283 3313 422 3374 Similiter
442 3312 563 3374 candida¹
585 3321 631 3373 est
655 3330 728 3391 quae
749 3321 870 3373 vocatur
890 3315 1016 3389 astrion,
1041 3331 1106 3392 cry-

97 3398 190 3457 stallo
212 3399 397 3478 propinqua,
430 3396 560 3457 inludia
584 3414 705 3456 nascens
727 3397 756 3455 io
776 3394 930 3457 Patalenes
958 3397 1105 3458 litoribus.
