2378 3840
288 214 638 263 unn.1arsr.xxxrnr.
662 210 747 265 3-6.
772 200 902 278 (7-11.)
1055 200 1095 259 37

98 368 177 447 lare,
195 376 224 429 at
236 376 336 429 contra
347 367 474 428 Romana
491 385 524 426 ac
539 368 670 427 militaris
687 367 820 426 thoracas
837 365 954 425 addere.
986 364 1095 426 Caesar

99 453 214 532 quidem
231 451 355 511 dictator
376 451 525 511 loricatam
540 451 596 511 sibi
612 451 699 510 dicari
720 452 749 509 in
766 451 831 509 loro
848 465 901 508 suo
920 467 1022 527 passus
1039 458 1094 512 est.

99 554 162 595 nam
178 535 373 613 Lupercorum
389 535 487 594 habitu
512 543 566 594 tarn
583 537 715 595 noviciae
732 541 797 593 sunt
814 550 895 610 quarn
915 551 988 611 quae
1003 551 1096 610 nuper

99 618 236 697 prodiere
256 619 388 698 paenulis
414 618 537 678 indutae.
576 617 724 678 Mancinus
749 635 785 677 eo
807 616 906 676 habitu
922 617 977 676 sibi
996 618 1095 675 statuit

77 721 157 780 equo
170 702 282 762 deditus
298 703 401 761 iuerat.
424 710 551 761 notatum
569 703 603 762 ab
625 701 790 762 auctoribus
805 708 834 760 et
848 698 879 758 L.
899 701 1009 759 Attium
1021 717 1092 777 poe·
1105 709 1138 764 19

100 795 154 846 tam
168 788 197 845 in
210 784 395 846 Camenarum
411 785 486 846 aede
501 804 629 845 maxuma
641 787 732 846 forma
744 791 864 843 statuam
879 784 933 843 sibi
948 785 1095 862 posuisse,

99 878 162 928 cum
188 869 288 929 brevis
309 869 457 929 admodum
472 867 587 930 inisset.
624 876 778 946 equestres
794 868 893 944 utique
909 876 1020 927 statuae
1037 866 1096 926 Ro-

99 970 208 1011 manam
225 952 455 1012 celebrationem
470 951 576 1011 babent
598 961 664 1012 orto
686 954 748 1011 sine
770 951 857 1010 dubio
877 968 893 1009 a
911 949 1029 1011 Graecis
1046 970 1096 1010 ex·

101 1035 215 1112 amplo,
241 1035 294 1094 sed
315 1034 356 1093 illi
380 1034 490 1094 celetas
511 1043 617 1095 tantum
639 1034 772 1095 dicabant
794 1036 824 1093 in
843 1035 933 1094 sacris
954 1035 1094 1110 victores,

64 1127 203 1198 1opostea
226 1134 298 1178 vero
321 1126 350 1177 et
376 1119 423 1196 qui
446 1118 524 1197 bigis
543 1118 591 1179 vel
614 1119 760 1197 quadrigis
783 1119 932 1177 vicissent.
969 1117 1043 1176 unde
1066 1124 1095 1175 et

98 1204 190 1261 nostri
215 1220 315 1262 currus
337 1201 394 1261 nati
409 1203 439 1261 in
453 1203 488 1261 iis
504 1204 551 1280 qui
568 1201 830 1280 triumphavissent.
863 1220 959 1261 serum
974 1201 1049 1277 hoc,
1065 1209 1095 1260 et

97 1287 126 1344 in
140 1285 184 1345 his
200 1287 326 1345 nonnisi
343 1305 359 1346 a
374 1285 441 1346 divo
458 1286 592 1363 Augusto
607 1287 741 1363 seiuges,
759 1286 833 1345 sicut
852 1285 1008 1363 elephanti.

161 1367 190 1450 (l
203 1371 242 1450 l.)
257 1368 324 1429 Non
339 1378 424 1430 vetus
439 1379 469 1429 et
483 1370 612 1446 bigarum
628 1370 788 1429 celebratio
801 1371 878 1429 iniis
890 1371 937 1446 qui
955 1377 1092 1446 praetura
1103 1377 1137 1430 20

97 1453 186 1512 iuncti
201 1470 287 1510 curru
302 1454 379 1512 vecti
398 1461 497 1512 essent
512 1471 565 1529 per
580 1455 703 1526 circum,
724 1454 870 1530 antiquior
890 1452 1094 1526 columnarum,

62 1555 88 1596 rs
98 1537 182 1593 sicuti
204 1531 235 1594 C.
254 1533 370 1593 Maenio
392 1537 439 1611 qui
457 1537 570 1611 priscos
598 1536 747 1595 devicerat
765 1533 899 1610 latinos,
930 1535 1032 1611 quibus
1058 1553 1095 1594 ex

97 1617 219 1677 foedere
236 1618 337 1676 tertias
354 1616 480 1695 praedae
493 1617 616 1695 populus
628 1617 773 1676 Romanus
790 1617 968 1695 praestabat,
979 1618 1094 1678 eodem-

97 1718 154 1778 que
173 1702 202 1760 in
218 1699 369 1760 consulatu
388 1701 417 1758 in
433 1708 573 1777 suggestu
590 1708 686 1759 rostra
702 1699 824 1759 devictis
840 1700 1006 1761 Antiatibus
1024 1703 1094 1761 line-

96 1793 141 1844 rat
163 1802 237 1844 anno
259 1783 340 1844 urbis
357 1780 537 1844 CCCCXVI.
560 1785 629 1844 item
645 1780 716 1842 Gaio
730 1782 828 1842 Duilio
846 1786 893 1861 qui
919 1787 1025 1862 primus
1048 1802 1094 1844 na·

96 1868 190 1928 valern
202 1868 374 1947 triumphum
387 1870 448 1946 egit
459 1867 495 1927 de
509 1867 627 1945 Poenis,
643 1884 716 1946 quae
729 1875 775 1926 est
788 1869 873 1928 etiam
885 1886 960 1927 nunc
972 1871 1000 1926 in
1013 1870 1090 1946 foro,
1102 1878 1134 1933 bl

62 1953 166 2017 aoitem
178 1951 209 2013 t.
222 1950 347 2013 llinucio
363 1953 515 2031 praefecto
528 1969 658 2013 annonae
675 1959 755 2012 extra
773 1960 885 2030 portam
902 1949 1094 2028 Trigeminam

97 2038 224 2097 unciaria
240 2039 317 2115 stipe
333 2037 446 2098 conlata
462 2073 503 2082 -
518 2039 619 2098 nescio
638 2054 673 2096 an
697 2038 789 2114 primo
806 2035 918 2096 honore
944 2036 992 2095 tali
1011 2057 1026 2097 a
1043 2053 1093 2115 po·

97 2119 178 2196 pulo,
194 2129 279 2181 antea
294 2122 369 2180 enim
385 2139 400 2181 a
413 2131 515 2182 senatu
525 2130 587 2183 erat
602 2157 650 2198 -‚
663 2120 812 2199 praeclara
828 2139 888 2198 res,
905 2121 961 2179 nisi
977 2120 1091 2180 frivolis

97 2205 248 2279 coepisset
263 2205 362 2262 initiis.
384 2221 503 2280 namque
523 2214 553 2265 et
564 2205 625 2264 Atti
637 2204 709 2264 Navi
724 2213 816 2264 statua
834 2205 887 2264 iuit
904 2213 970 2265 ante
987 2206 1093 2264 curiam

74 2359 78 2365 .
99 2317 135 2330 -
150 2285 228 2344 basis
241 2287 303 2344 eius
316 2283 503 2360 conflagravit
516 2289 594 2347 curia
605 2290 722 2347 incensa
734 2288 816 2347 Publi
831 2285 913 2348 Clodi
926 2289 1028 2348 funere
1040 2325 1093 2364 -,

62 2369 149 2429 uiuit
165 2377 195 2428 et
209 2366 381 2428 Hermodori
397 2365 517 2445 Ephesii
536 2371 564 2428 in
580 2372 713 2447 comitio,
735 2371 832 2448 legum
850 2389 920 2450 quas
936 2371 1091 2431 decemviri

96 2452 263 2512 scribebant
276 2452 459 2530 interpretis,
475 2452 591 2530 publice
607 2453 707 2512 dicata.
737 2453 792 2512 alia
810 2471 906 2530 causa,
924 2453 978 2512 alia
992 2462 1089 2514 aucto·
1101 2465 1135 2516 22

96 2538 164 2596 ritas
177 2536 277 2596 Horati
291 2532 412 2596 Coclitis
432 2544 555 2614 statuae,
571 2554 644 2614 quae
656 2537 738 2596 durat
752 2535 908 2614 hodieque,
924 2554 986 2595 cum
998 2536 1091 2596 hostis

96 2629 216 2698 aponte
233 2620 356 2679 sublicio
373 2620 454 2680 solus
471 2622 623 2683 arcuisset.
661 2619 794 2696 equidem
817 2629 846 2679 et
863 2619 992 2696 Sibyllae
1014 2622 1093 2679 iuxta

98 2711 193 2761 rostra
223 2722 291 2763 esso
314 2720 372 2764 non
394 2706 499 2781 miror,
526 2713 588 2765 tres
611 2705 667 2763 sint
688 2703 772 2762 licet:
801 2721 854 2762 una
885 2719 966 2779 quam
985 2703 1092 2764 Sextus

63 2801 88 2843 eo
97 2785 218 2845 Pacuius
235 2784 346 2847 Taurus
363 2787 425 2848 aed.
443 2789 481 2867 pl.
499 2789 643 2864 restituit,
660 2787 732 2847 duae
746 2804 816 2863 quas
829 2783 865 2845 bl.
882 2785 1017 2848 Messala.
1035 2789 1093 2866 pri·

97 2887 156 2928 mas
174 2877 303 2947 putarem
314 2870 366 2931 bas
380 2880 409 2932 et
427 2874 488 2930 nui
500 2871 584 2949 Navi,
602 2872 713 2950 positas
729 2878 826 2930 aetate
839 2869 974 2948 Tarquini
989 2872 1092 2949 Prisci,

97 2955 125 3012 ni
154 2970 256 3030 rogum
280 2955 510 3014 antecedentium
539 2963 639 3016 essent
668 2955 697 3013 in
720 2950 875 3031 Capitolio.
921 2956 949 3017 6.
973 2955 1018 3013 Ex
1045 2956 1136 3021 lists

96 3036 210 3096 Romuli
227 3046 257 3097 et
269 3035 331 3096 Tati
348 3039 410 3098 sine
428 3041 539 3115 tunica,
556 3040 630 3098 sicut
646 3045 676 3097 et
692 3034 802 3096 Camilli
818 3039 847 3097 in
860 3040 964 3097 rostris
981 3046 1011 3097 et
1026 3047 1092 3098 ante

96 3121 197 3182 aedem
216 3117 367 3181 Castorum
383 3123 435 3182 luit
451 3119 485 3194 Q.
505 3122 592 3182 lllarci
609 3119 734 3181 Tremuli
753 3123 898 3198 equestris
912 3129 1024 3197 togata,
1045 3123 1092 3198 qui
1105 3098 1160 3175 Μ

62 3206 241 3267 eeSarnnites
254 3206 299 3266 bis
318 3205 466 3266 devicerat
486 3215 626 3286 captaque
645 3205 776 3281 Anagnia
795 3203 931 3283 populum
947 3204 1093 3281 stipendio

96 3291 280 3352 liberaverat.
302 3291 378 3350 inter
391 3291 602 3370 antiquissimas
616 3296 682 3349 sunt
697 3296 727 3348 et
740 3289 814 3348 Tulli
828 3286 935 3365 Cloeli,
946 3287 976 3348 L.
991 3287 1092 3366 Rosci,

96 3375 180 3454 Spuri
202 3373 306 3452 Nauti,
326 3367 356 3434 C.
385 3374 496 3435 Fulcini
522 3375 550 3434 in
573 3375 696 3448 rostris,
720 3391 736 3432 a
757 3373 945 3434 Fidenatibus
966 3374 995 3433 in
1015 3373 1094 3451 lega-

97 3460 176 3519 tione
199 3460 427 3520 interiectorum.
465 3458 558 3519 hoca
581 3477 613 3518 re
636 3457 751 3536 publica
775 3458 860 3517 tribui
885 3456 1004 3518 solebat
1021 3457 1151 3533 'auio-„am
