<?xml version="1.0" encoding="UTF-8"?>
<!DOCTYPE html PUBLIC "-//W3C//DTD XHTML 1.0 Transitional//EN"
    "http://www.w3.org/TR/xhtml1/DTD/xhtml1-transitional.dtd">
<html xmlns="http://www.w3.org/1999/xhtml" xml:lang="en" lang="en">
 <head>
  <title>
</title>
<meta http-equiv="Content-Type" content="text/html;charset=utf-8" />
  <meta name='ocr-system' content='tesseract 3.04.00' />
  <meta name='ocr-capabilities' content='ocr_page ocr_carea ocr_par ocr_line ocrx_word'/>
</head>
<body>
  <div class='ocr_page' id='page_1' title='image "./cplinisecundina05plingoog_0234.png"; bbox 0 0 2378 3840; ppageno 0'>
   <div class='ocr_carea' id='block_1_1' title="bbox 291 201 1093 284">
    <p class='ocr_par' dir='ltr' id='par_1_1' title="bbox 291 201 1093 284">
     <span class='ocr_line' id='line_1_1' title="bbox 291 201 1093 284; baseline 0 -20"><span class='ocrx_word' id='word_1_1' title='bbox 291 218 372 264; x_wconf 78' lang='lat' dir='ltr'><strong>nun.</strong></span> <span class='ocrx_word' id='word_1_2' title='bbox 392 216 483 265; x_wconf 81' lang='lat' dir='ltr'><strong>msc.</strong></span> <span class='ocrx_word' id='word_1_3' title='bbox 503 215 622 264; x_wconf 75' lang='lat' dir='ltr'><strong>xxxva</strong></span> <span class='ocrx_word' id='word_1_4' title='bbox 641 213 725 268; x_wconf 82' lang='lat'><strong>7—9.</strong></span> <span class='ocrx_word' id='word_1_5' title='bbox 745 201 894 284; x_wconf 80' lang='lat' dir='ltr'><strong>(ra-14.)</strong></span> <span class='ocrx_word' id='word_1_6' title='bbox 1035 205 1093 265; x_wconf 88' lang='lat'><strong>117</strong></span> 
     </span>
    </p>
   </div>
   <div class='ocr_carea' id='block_1_2' title="bbox 58 369 1136 3538">
    <p class='ocr_par' dir='ltr' id='par_1_2' title="bbox 58 369 1136 3538">
     <span class='ocr_line' id='line_1_2' title="bbox 97 369 1095 450; baseline -0.003 -17"><span class='ocrx_word' id='word_1_7' title='bbox 97 372 260 450; x_wconf 71' lang='lat' dir='ltr'>scalpturae</span> <span class='ocrx_word' id='word_1_8' title='bbox 278 371 345 432; x_wconf 88' lang='lat' dir='ltr'><strong>illae</strong></span> <span class='ocrx_word' id='word_1_9' title='bbox 362 372 535 450; x_wconf 83' lang='lat' dir='ltr'><strong>effigiesque</strong></span> <span class='ocrx_word' id='word_1_10' title='bbox 555 390 624 450; x_wconf 89' lang='lat' dir='ltr'><strong>quas</strong></span> <span class='ocrx_word' id='word_1_11' title='bbox 640 370 770 431; x_wconf 90' lang='lat' dir='ltr'><strong>videmus</strong></span> <span class='ocrx_word' id='word_1_12' title='bbox 786 369 952 450; x_wconf 74' lang='lat' dir='ltr'><strong>Aegyptiae</strong></span> <span class='ocrx_word' id='word_1_13' title='bbox 969 379 1035 431; x_wconf 88' lang='lat' dir='ltr'><strong>sunt</strong></span> <span class='ocrx_word' id='word_1_14' title='bbox 1049 371 1095 431; x_wconf 91' lang='lat' dir='ltr'><strong>lit·</strong></span> 
     </span>
     <span class='ocr_line' id='line_1_3' title="bbox 96 454 1136 536; baseline 0.005 -22"><span class='ocrx_word' id='word_1_15' title='bbox 96 464 190 516; x_wconf 89' lang='lat' dir='ltr'><strong>terae.</strong></span> <span class='ocrx_word' id='word_1_16' title='bbox 221 457 264 536; x_wconf 81' lang='lat'><strong>[2]</strong></span> <span class='ocrx_word' id='word_1_17' title='bbox 279 455 388 516; x_wconf 84' lang='lat' dir='ltr'><strong>Postea</strong></span> <span class='ocrx_word' id='word_1_18' title='bbox 400 456 489 517; x_wconf 90' lang='lat' dir='ltr'><strong>etalii</strong></span> <span class='ocrx_word' id='word_1_19' title='bbox 506 454 643 516; x_wconf 85' lang='lat' dir='ltr'><strong>excidere</strong></span> <span class='ocrx_word' id='word_1_20' title='bbox 659 473 756 532; x_wconf 86' lang='lat' dir='ltr'><strong>reges.</strong></span> <span class='ocrx_word' id='word_1_21' title='bbox 776 456 875 514; x_wconf 80' lang='lat' dir='ltr'><strong>statuit</strong></span> <span class='ocrx_word' id='word_1_22' title='bbox 891 473 944 514; x_wconf 89' lang='lat' dir='ltr'><strong>eos</strong></span> <span class='ocrx_word' id='word_1_23' title='bbox 960 455 989 514; x_wconf 93' lang='lat' dir='ltr'><strong>in</strong></span> <span class='ocrx_word' id='word_1_24' title='bbox 1004 472 1090 532; x_wconf 91' lang='lat' dir='ltr'><strong>supra</strong></span> <span class='ocrx_word' id='word_1_25' title='bbox 1102 465 1136 518; x_wconf 83' lang='grc'><strong>66</strong></span> 
     </span>
     <span class='ocr_line' id='line_1_4' title="bbox 96 536 1094 618; baseline -0.003 -19"><span class='ocrx_word' id='word_1_26' title='bbox 96 539 171 599; x_wconf 87' lang='lat' dir='ltr'><strong>dicta</strong></span> <span class='ocrx_word' id='word_1_27' title='bbox 185 541 258 601; x_wconf 91' lang='lat' dir='ltr'><strong>urbe</strong></span> <span class='ocrx_word' id='word_1_28' title='bbox 272 539 414 600; x_wconf 84' lang='lat' dir='ltr'><strong>Sesothes</strong></span> <span class='ocrx_word' id='word_1_29' title='bbox 432 549 567 618; x_wconf 80' lang='lat' dir='ltr'><strong>quattuor</strong></span> <span class='ocrx_word' id='word_1_30' title='bbox 582 555 714 614; x_wconf 91' lang='lat' dir='ltr'><strong>numero,</strong></span> <span class='ocrx_word' id='word_1_31' title='bbox 731 536 944 616; x_wconf 86' lang='lat' dir='ltr'><strong>quadragenum</strong></span> <span class='ocrx_word' id='word_1_32' title='bbox 959 547 1094 598; x_wconf 92' lang='lat' dir='ltr'><strong>octonum</strong></span> 
     </span>
     <span class='ocr_line' id='line_1_5' title="bbox 96 620 1094 702; baseline -0.004 -19"><span class='ocrx_word' id='word_1_33' title='bbox 96 624 258 683; x_wconf 88' lang='lat' dir='ltr'><strong>cubitorum</strong></span> <span class='ocrx_word' id='word_1_34' title='bbox 272 623 464 702; x_wconf 84' lang='lat' dir='ltr'><strong>longitudine,</strong></span> <span class='ocrx_word' id='word_1_35' title='bbox 475 623 616 683; x_wconf 86' lang='lat' dir='ltr'><strong>Rhamses</strong></span> <span class='ocrx_word' id='word_1_36' title='bbox 631 625 656 681; x_wconf 91' lang='lat' dir='ltr'><strong>is</strong></span> <span class='ocrx_word' id='word_1_37' title='bbox 672 631 767 682; x_wconf 91' lang='lat' dir='ltr'><strong>autem</strong></span> <span class='ocrx_word' id='word_1_38' title='bbox 783 639 840 700; x_wconf 88' lang='lat' dir='ltr'><strong>quo</strong></span> <span class='ocrx_word' id='word_1_39' title='bbox 858 631 999 699; x_wconf 83' lang='lat' dir='ltr'><strong>regnante</strong></span> <span class='ocrx_word' id='word_1_40' title='bbox 1012 620 1094 681; x_wconf 92' lang='lat' dir='ltr'><strong>llium</strong></span> 
     </span>
     <span class='ocr_line' id='line_1_6' title="bbox 75 703 1092 786; baseline -0.003 -20"><span class='ocrx_word' id='word_1_41' title='bbox 75 708 149 767; x_wconf 78' lang='lat' dir='ltr'><strong>cluit</strong></span> <span class='ocrx_word' id='word_1_42' title='bbox 161 715 273 786; x_wconf 88' lang='lat' dir='ltr'><strong>captum</strong></span> <span class='ocrx_word' id='word_1_43' title='bbox 286 716 332 768; x_wconf 88' lang='lat' dir='ltr'><strong>ast</strong></span> <span class='ocrx_word' id='word_1_44' title='bbox 344 705 481 767; x_wconf 82' lang='lat' dir='ltr'>GXXXX</span> <span class='ocrx_word' id='word_1_45' title='bbox 495 706 668 767; x_wconf 89' lang='lat' dir='ltr'><strong>cubitorum.</strong></span> <span class='ocrx_word' id='word_1_46' title='bbox 705 704 781 764; x_wconf 90' lang='lat' dir='ltr'><strong>idem</strong></span> <span class='ocrx_word' id='word_1_47' title='bbox 797 704 947 781; x_wconf 85' lang='lat' dir='ltr'><strong>digressus</strong></span> <span class='ocrx_word' id='word_1_48' title='bbox 962 705 1029 767; x_wconf 86' lang='lat' dir='ltr'><strong>inde</strong></span> <span class='ocrx_word' id='word_1_49' title='bbox 1044 703 1092 763; x_wconf 92' lang='lat' dir='ltr'><strong>ubi</strong></span> 
     </span>
     <span class='ocr_line' id='line_1_7' title="bbox 95 786 1094 869; baseline -0.004 -18"><span class='ocrx_word' id='word_1_50' title='bbox 95 789 238 851; x_wconf 81' lang='lat' dir='ltr'><strong>Mneuidis</strong></span> <span class='ocrx_word' id='word_1_51' title='bbox 254 793 336 869; x_wconf 87' lang='lat' dir='ltr'><strong>regia</strong></span> <span class='ocrx_word' id='word_1_52' title='bbox 353 793 451 869; x_wconf 88' lang='lat' dir='ltr'><strong>posuit</strong></span> <span class='ocrx_word' id='word_1_53' title='bbox 471 791 555 850; x_wconf 90' lang='lat' dir='ltr'><strong>alium</strong></span> <span class='ocrx_word' id='word_1_54' title='bbox 569 788 750 867; x_wconf 87' lang='lat' dir='ltr'><strong>longitudine</strong></span> <span class='ocrx_word' id='word_1_55' title='bbox 762 787 876 865; x_wconf 89' lang='lat' dir='ltr'><strong>quidem</strong></span> <span class='ocrx_word' id='word_1_56' title='bbox 892 786 972 848; x_wconf 85' lang='lat' dir='ltr'><strong>GXX</strong></span> <span class='ocrx_word' id='word_1_57' title='bbox 983 789 1094 849; x_wconf 92' lang='lat' dir='ltr'><strong>cubito·</strong></span> 
     </span>
     <span class='ocr_line' id='line_1_8' title="bbox 96 871 1092 952; baseline -0.002 -18"><span class='ocrx_word' id='word_1_58' title='bbox 96 873 230 952; x_wconf 89' lang='lat' dir='ltr'><strong>rum,sed</strong></span> <span class='ocrx_word' id='word_1_59' title='bbox 243 873 413 952; x_wconf 86' lang='lat' dir='ltr'><strong>prodigiosa</strong></span> <span class='ocrx_word' id='word_1_60' title='bbox 426 873 627 950; x_wconf 81' lang='lat' dir='ltr'><strong>crassitudine,</strong></span> <span class='ocrx_word' id='word_1_61' title='bbox 637 872 758 932; x_wconf 90' lang='lat' dir='ltr'><strong>undenis</strong></span> <span class='ocrx_word' id='word_1_62' title='bbox 767 889 821 949; x_wconf 88' lang='lat' dir='ltr'><strong>per</strong></span> <span class='ocrx_word' id='word_1_63' title='bbox 833 871 925 933; x_wconf 87' lang='lat' dir='ltr'><strong>latera</strong></span> <span class='ocrx_word' id='word_1_64' title='bbox 934 872 1047 932; x_wconf 87' lang='lat' dir='ltr'><strong>cubitis.</strong></span> <span class='ocrx_word' id='word_1_65' title='bbox 1064 873 1092 934; x_wconf 88' lang='grc'><strong>9.</strong></span> 
     </span>
     <span class='ocr_line' id='line_1_9' title="bbox 97 955 1135 1036; baseline -0.001 -20"><span class='ocrx_word' id='word_1_66' title='bbox 97 957 177 1036; x_wconf 89' lang='lat' dir='ltr'><strong>Opus</strong></span> <span class='ocrx_word' id='word_1_67' title='bbox 193 957 222 1017; x_wconf 95' lang='lat' dir='ltr'><strong>id</strong></span> <span class='ocrx_word' id='word_1_68' title='bbox 238 959 347 1018; x_wconf 88' lang='lat' dir='ltr'><strong>fecisse</strong></span> <span class='ocrx_word' id='word_1_69' title='bbox 364 958 495 1018; x_wconf 91' lang='lat' dir='ltr'><strong>dicuntur</strong></span> <span class='ocrx_word' id='word_1_70' title='bbox 507 959 587 1025; x_wconf 67' lang='grc' dir='ltr'>ῧῖιῖ</span> <span class='ocrx_word' id='word_1_71' title='bbox 600 955 753 1016; x_wconf 88' lang='lat' dir='ltr'><strong>hominum.</strong></span> <span class='ocrx_word' id='word_1_72' title='bbox 779 957 844 1033; x_wconf 88' lang='lat' dir='ltr'><strong>ipse</strong></span> <span class='ocrx_word' id='word_1_73' title='bbox 860 974 931 1032; x_wconf 87' lang='lat' dir='ltr'><strong>rex,</strong></span> <span class='ocrx_word' id='word_1_74' title='bbox 947 973 1010 1015; x_wconf 90' lang='lat' dir='ltr'><strong>cum</strong></span> <span class='ocrx_word' id='word_1_75' title='bbox 1028 975 1090 1015; x_wconf 93' lang='lat' dir='ltr'><strong>sur·</strong></span> <span class='ocrx_word' id='word_1_76' title='bbox 1101 967 1135 1021; x_wconf 95' lang='lat'><strong>66</strong></span> 
     </span>
     <span class='ocr_line' id='line_1_10' title="bbox 96 1039 1094 1119; baseline 0 -20"><span class='ocrx_word' id='word_1_77' title='bbox 96 1049 229 1101; x_wconf 91' lang='lat' dir='ltr'><strong>recturus</strong></span> <span class='ocrx_word' id='word_1_78' title='bbox 251 1049 332 1101; x_wconf 89' lang='lat' dir='ltr'><strong>esset</strong></span> <span class='ocrx_word' id='word_1_79' title='bbox 358 1050 571 1119; x_wconf 87' lang='lat' dir='ltr'><strong>verereturquc</strong></span> <span class='ocrx_word' id='word_1_80' title='bbox 593 1059 630 1100; x_wconf 87' lang='lat' dir='ltr'><strong>ne</strong></span> <span class='ocrx_word' id='word_1_81' title='bbox 650 1040 799 1101; x_wconf 75' lang='lat' dir='ltr'><strong>machinae</strong></span> <span class='ocrx_word' id='word_1_82' title='bbox 823 1039 945 1118; x_wconf 81' lang='lat' dir='ltr'><strong>ponderi</strong></span> <span class='ocrx_word' id='word_1_83' title='bbox 963 1057 1021 1099; x_wconf 93' lang='lat' dir='ltr'><strong>non</strong></span> <span class='ocrx_word' id='word_1_84' title='bbox 1036 1041 1094 1099; x_wconf 86' lang='lat' dir='ltr'><strong>sul·</strong></span> 
     </span>
     <span class='ocr_line' id='line_1_11' title="bbox 62 1123 1093 1203; baseline 0.002 -23"><span class='ocrx_word' id='word_1_85' title='bbox 62 1125 235 1200; x_wconf 75' lang='lat' dir='ltr'><strong>inficerent,</strong></span> <span class='ocrx_word' id='word_1_86' title='bbox 260 1141 317 1203; x_wconf 85' lang='lat' dir='ltr'><strong>quo</strong></span> <span class='ocrx_word' id='word_1_87' title='bbox 339 1126 430 1184; x_wconf 89' lang='lat' dir='ltr'><strong>maius</strong></span> <span class='ocrx_word' id='word_1_88' title='bbox 452 1124 611 1202; x_wconf 90' lang='lat' dir='ltr'><strong>periculum</strong></span> <span class='ocrx_word' id='word_1_89' title='bbox 632 1143 719 1184; x_wconf 90' lang='lat' dir='ltr'><strong>curae</strong></span> <span class='ocrx_word' id='word_1_90' title='bbox 742 1123 882 1184; x_wconf 78' lang='lat' dir='ltr'><strong>artificum</strong></span> <span class='ocrx_word' id='word_1_91' title='bbox 899 1123 1093 1199; x_wconf 85' lang='lat' dir='ltr'><strong>denuntiaret,</strong></span> 
     </span>
     <span class='ocr_line' id='line_1_12' title="bbox 96 1207 1094 1285; baseline -0.001 -18"><span class='ocrx_word' id='word_1_92' title='bbox 96 1208 184 1268; x_wconf 87' lang='lat' dir='ltr'><strong>filium</strong></span> <span class='ocrx_word' id='word_1_93' title='bbox 199 1226 281 1267; x_wconf 88' lang='lat' dir='ltr'><strong>suum</strong></span> <span class='ocrx_word' id='word_1_94' title='bbox 296 1207 461 1285; x_wconf 85' lang='lat' dir='ltr'><strong>adalligavit</strong></span> <span class='ocrx_word' id='word_1_95' title='bbox 477 1210 615 1267; x_wconf 90' lang='lat' dir='ltr'><strong>cacumini</strong></span> <span class='ocrx_word' id='word_1_96' title='bbox 629 1217 660 1267; x_wconf 88' lang='lat' dir='ltr'><strong>ut</strong></span> <span class='ocrx_word' id='word_1_97' title='bbox 678 1207 755 1267; x_wconf 92' lang='lat' dir='ltr'><strong>salus</strong></span> <span class='ocrx_word' id='word_1_98' title='bbox 778 1209 840 1266; x_wconf 92' lang='lat' dir='ltr'><strong>eius</strong></span> <span class='ocrx_word' id='word_1_99' title='bbox 859 1207 933 1285; x_wconf 94' lang='lat' dir='ltr'><strong>apud</strong></span> <span class='ocrx_word' id='word_1_100' title='bbox 947 1207 1094 1267; x_wconf 89' lang='lat' dir='ltr'><strong>molientis</strong></span> 
     </span>
     <span class='ocr_line' id='line_1_13' title="bbox 96 1290 1094 1371; baseline -0.002 -19"><span class='ocrx_word' id='word_1_101' title='bbox 96 1291 254 1371; x_wconf 88' lang='lat' dir='ltr'><strong>prodesset</strong></span> <span class='ocrx_word' id='word_1_102' title='bbox 280 1301 311 1352; x_wconf 91' lang='lat' dir='ltr'><strong>et</strong></span> <span class='ocrx_word' id='word_1_103' title='bbox 333 1291 430 1370; x_wconf 91' lang='lat' dir='ltr'><strong>lapidi</strong></span> <span class='ocrx_word' id='word_1_104' title='bbox 466 1290 526 1350; x_wconf 90' lang='lat' dir='ltr'><strong>Hac</strong></span> <span class='ocrx_word' id='word_1_105' title='bbox 549 1291 738 1351; x_wconf 89' lang='lat' dir='ltr'><strong>admiratione</strong></span> <span class='ocrx_word' id='word_1_106' title='bbox 764 1293 864 1368; x_wconf 90' lang='lat' dir='ltr'><strong>operis</strong></span> <span class='ocrx_word' id='word_1_107' title='bbox 888 1291 1023 1351; x_wconf 79' lang='lat' dir='ltr'><strong>ellectum</strong></span> <span class='ocrx_word' id='word_1_108' title='bbox 1048 1299 1094 1351; x_wconf 91' lang='lat' dir='ltr'><strong>est</strong></span> 
     </span>
     <span class='ocr_line' id='line_1_14' title="bbox 95 1373 1093 1454; baseline 0 -20"><span class='ocrx_word' id='word_1_109' title='bbox 95 1384 143 1452; x_wconf 89' lang='lat' dir='ltr'><strong>ut,</strong></span> <span class='ocrx_word' id='word_1_110' title='bbox 166 1394 229 1436; x_wconf 93' lang='lat' dir='ltr'><strong>cum</strong></span> <span class='ocrx_word' id='word_1_111' title='bbox 250 1375 386 1454; x_wconf 91' lang='lat' dir='ltr'><strong>oppidum</strong></span> <span class='ocrx_word' id='word_1_112' title='bbox 410 1374 439 1434; x_wconf 93' lang='lat' dir='ltr'><strong>id</strong></span> <span class='ocrx_word' id='word_1_113' title='bbox 461 1384 642 1452; x_wconf 88' lang='lat' dir='ltr'><strong>expugnaret</strong></span> <span class='ocrx_word' id='word_1_114' title='bbox 667 1373 826 1450; x_wconf 80' lang='lat' dir='ltr'><strong>Cambyses</strong></span> <span class='ocrx_word' id='word_1_115' title='bbox 849 1393 903 1434; x_wconf 86' lang='lat' dir='ltr'><strong>rex</strong></span> <span class='ocrx_word' id='word_1_116' title='bbox 917 1385 1093 1453; x_wconf 88' lang='lat' dir='ltr'><strong>ventumque</strong></span> 
     </span>
     <span class='ocr_line' id='line_1_15' title="bbox 96 1457 1094 1535; baseline -0.001 -17"><span class='ocrx_word' id='word_1_117' title='bbox 96 1467 179 1518; x_wconf 87' lang='lat' dir='ltr'><strong>esset</strong></span> <span class='ocrx_word' id='word_1_118' title='bbox 193 1458 334 1518; x_wconf 89' lang='lat' dir='ltr'><strong>incendiis</strong></span> <span class='ocrx_word' id='word_1_119' title='bbox 351 1457 385 1517; x_wconf 94' lang='lat' dir='ltr'><strong>ad</strong></span> <span class='ocrx_word' id='word_1_120' title='bbox 402 1458 565 1535; x_wconf 90' lang='lat' dir='ltr'><strong>crepidines</strong></span> <span class='ocrx_word' id='word_1_121' title='bbox 582 1457 722 1534; x_wconf 91' lang='lat' dir='ltr'><strong>obelisci,</strong></span> <span class='ocrx_word' id='word_1_122' title='bbox 740 1458 886 1532; x_wconf 88' lang='lat' dir='ltr'><strong>exstingui</strong></span> <span class='ocrx_word' id='word_1_123' title='bbox 902 1458 1018 1517; x_wconf 89' lang='lat' dir='ltr'><strong>iuberet</strong></span> <span class='ocrx_word' id='word_1_124' title='bbox 1033 1475 1094 1517; x_wconf 92' lang='lat' dir='ltr'><strong>mo·</strong></span> 
     </span>
     <span class='ocr_line' id='line_1_16' title="bbox 62 1501 1135 1619; baseline 0.001 -16"><span class='ocrx_word' id='word_1_125' title='bbox 62 1563 86 1603; x_wconf 85' lang='grc' dir='ltr'><strong>ιι</strong></span> <span class='ocrx_word' id='word_1_126' title='bbox 95 1541 131 1601; x_wconf 85' lang='lat' dir='ltr'><strong>lrs</strong></span> <span class='ocrx_word' id='word_1_127' title='bbox 146 1542 312 1618; x_wconf 86' lang='lat' dir='ltr'><strong>reverentia</strong></span> <span class='ocrx_word' id='word_1_128' title='bbox 331 1543 378 1619; x_wconf 88' lang='lat' dir='ltr'><strong>qui</strong></span> <span class='ocrx_word' id='word_1_129' title='bbox 393 1539 499 1600; x_wconf 93' lang='lat' dir='ltr'><strong>nullam</strong></span> <span class='ocrx_word' id='word_1_130' title='bbox 513 1529 652 1600; x_wconf 88' lang='lat' dir='ltr'><strong>habuerat</strong></span> <span class='ocrx_word' id='word_1_131' title='bbox 666 1501 755 1600; x_wconf 67' lang='lat' dir='ltr'><strong>urbis.</strong></span> <span class='ocrx_word' id='word_1_132' title='bbox 802 1539 845 1618; x_wconf 76' lang='lat'><strong>[3]</strong></span> <span class='ocrx_word' id='word_1_133' title='bbox 870 1539 942 1599; x_wconf 91' lang='lat' dir='ltr'><strong>Sunt</strong></span> <span class='ocrx_word' id='word_1_134' title='bbox 958 1540 1006 1601; x_wconf 92' lang='lat' dir='ltr'><strong>alii</strong></span> <span class='ocrx_word' id='word_1_135' title='bbox 1022 1539 1090 1618; x_wconf 94' lang='lat' dir='ltr'><strong>duo,</strong></span> <span class='ocrx_word' id='word_1_136' title='bbox 1103 1549 1135 1604; x_wconf 87' lang='grc'><strong>67</strong></span> 
     </span>
     <span class='ocr_line' id='line_1_17' title="bbox 95 1622 1094 1702; baseline 0 -18"><span class='ocrx_word' id='word_1_137' title='bbox 95 1644 168 1684; x_wconf 94' lang='lat' dir='ltr'><strong>unus</strong></span> <span class='ocrx_word' id='word_1_138' title='bbox 187 1643 202 1684; x_wconf 90' lang='lat' dir='ltr'><strong>a</strong></span> <span class='ocrx_word' id='word_1_139' title='bbox 219 1622 337 1683; x_wconf 84' lang='lat' dir='ltr'><strong>Zmarre</strong></span> <span class='ocrx_word' id='word_1_140' title='bbox 355 1624 488 1702; x_wconf 91' lang='lat' dir='ltr'><strong>positus,</strong></span> <span class='ocrx_word' id='word_1_141' title='bbox 510 1622 584 1683; x_wconf 89' lang='lat' dir='ltr'><strong>alter</strong></span> <span class='ocrx_word' id='word_1_142' title='bbox 605 1623 710 1683; x_wconf 92' lang='lat' dir='ltr'><strong>aPhio</strong></span> <span class='ocrx_word' id='word_1_143' title='bbox 730 1626 793 1684; x_wconf 87' lang='lat' dir='ltr'><strong>sine</strong></span> <span class='ocrx_word' id='word_1_144' title='bbox 817 1625 913 1700; x_wconf 87' lang='lat' dir='ltr'><strong>notis,</strong></span> <span class='ocrx_word' id='word_1_145' title='bbox 936 1623 1094 1702; x_wconf 87' lang='lat' dir='ltr'><strong>quadrage·</strong></span> 
     </span>
     <span class='ocr_line' id='line_1_18' title="bbox 95 1705 1093 1768; baseline 0 -1"><span class='ocrx_word' id='word_1_146' title='bbox 95 1727 160 1767; x_wconf 93' lang='lat' dir='ltr'><strong>num</strong></span> <span class='ocrx_word' id='word_1_147' title='bbox 181 1717 316 1767; x_wconf 90' lang='lat' dir='ltr'><strong>octonum</strong></span> <span class='ocrx_word' id='word_1_148' title='bbox 338 1708 508 1767; x_wconf 91' lang='lat' dir='ltr'><strong>cubitorum.</strong></span> <span class='ocrx_word' id='word_1_149' title='bbox 548 1705 754 1767; x_wconf 80' lang='lat' dir='ltr'><strong>Alexandreae</strong></span> <span class='ocrx_word' id='word_1_150' title='bbox 771 1708 870 1767; x_wconf 88' lang='lat' dir='ltr'><strong>statuit</strong></span> <span class='ocrx_word' id='word_1_151' title='bbox 891 1721 975 1767; x_wconf 92' lang='lat' dir='ltr'><strong>unum</strong></span> <span class='ocrx_word' id='word_1_152' title='bbox 996 1707 1093 1768; x_wconf 92' lang='lat' dir='ltr'><strong>Ptole-</strong></span> 
     </span>
     <span class='ocr_line' id='line_1_19' title="bbox 94 1789 1092 1869; baseline 0 -18"><span class='ocrx_word' id='word_1_153' title='bbox 94 1810 193 1851; x_wconf 92' lang='lat' dir='ltr'><strong>maeus</strong></span> <span class='ocrx_word' id='word_1_154' title='bbox 205 1789 411 1869; x_wconf 85' lang='lat' dir='ltr'><strong>Philadelphus</strong></span> <span class='ocrx_word' id='word_1_155' title='bbox 428 1791 577 1868; x_wconf 87' lang='lat' dir='ltr'><strong>octoginta</strong></span> <span class='ocrx_word' id='word_1_156' title='bbox 590 1791 759 1851; x_wconf 90' lang='lat' dir='ltr'><strong>cubitorum.</strong></span> <span class='ocrx_word' id='word_1_157' title='bbox 776 1790 927 1850; x_wconf 84' lang='lat' dir='ltr'><strong>exciderat</strong></span> <span class='ocrx_word' id='word_1_158' title='bbox 943 1809 1006 1850; x_wconf 90' lang='lat' dir='ltr'><strong>eum</strong></span> <span class='ocrx_word' id='word_1_159' title='bbox 1017 1791 1092 1851; x_wconf 87' lang='lat' dir='ltr'><strong>Nec-</strong></span> 
     </span>
     <span class='ocr_line' id='line_1_20' title="bbox 96 1872 1093 1953; baseline 0.002 -20"><span class='ocrx_word' id='word_1_160' title='bbox 96 1876 193 1935; x_wconf 89' lang='lat' dir='ltr'><strong>thebis</strong></span> <span class='ocrx_word' id='word_1_161' title='bbox 209 1894 264 1935; x_wconf 86' lang='lat' dir='ltr'><strong>rex</strong></span> <span class='ocrx_word' id='word_1_162' title='bbox 280 1891 394 1953; x_wconf 90' lang='lat' dir='ltr'><strong>purum,</strong></span> <span class='ocrx_word' id='word_1_163' title='bbox 411 1877 560 1953; x_wconf 85' lang='lat' dir='ltr'><strong>maiusque</strong></span> <span class='ocrx_word' id='word_1_164' title='bbox 576 1892 650 1952; x_wconf 86' lang='lat' dir='ltr'><strong>opus</strong></span> <span class='ocrx_word' id='word_1_165' title='bbox 666 1876 695 1933; x_wconf 93' lang='lat' dir='ltr'><strong>in</strong></span> <span class='ocrx_word' id='word_1_166' title='bbox 711 1872 883 1934; x_wconf 88' lang='lat' dir='ltr'><strong>devehendo</strong></span> <span class='ocrx_word' id='word_1_167' title='bbox 900 1875 1093 1935; x_wconf 85' lang='lat' dir='ltr'><strong>statuendove</strong></span> 
     </span>
     <span class='ocr_line' id='line_1_21' title="bbox 61 1957 1092 2037; baseline -0.002 -15"><span class='ocrx_word' id='word_1_168' title='bbox 61 1981 86 2021; x_wconf 85' lang='lat' dir='ltr'><strong>ao</strong></span> <span class='ocrx_word' id='word_1_169' title='bbox 95 1958 184 2018; x_wconf 89' lang='lat' dir='ltr'><strong>multo</strong></span> <span class='ocrx_word' id='word_1_170' title='bbox 202 1977 285 2036; x_wconf 89' lang='lat' dir='ltr'><strong>quam</strong></span> <span class='ocrx_word' id='word_1_171' title='bbox 302 1960 331 2018; x_wconf 92' lang='lat' dir='ltr'><strong>in</strong></span> <span class='ocrx_word' id='word_1_172' title='bbox 348 1958 518 2020; x_wconf 87' lang='lat' dir='ltr'><strong>excidendo.</strong></span> <span class='ocrx_word' id='word_1_173' title='bbox 557 1976 574 2018; x_wconf 99' lang='lat' dir='ltr'><strong>a</strong></span> <span class='ocrx_word' id='word_1_174' title='bbox 589 1958 693 2034; x_wconf 74' lang='lat' dir='ltr'><strong>Satyro</strong></span> <span class='ocrx_word' id='word_1_175' title='bbox 716 1958 875 2018; x_wconf 79' lang='lat' dir='ltr'><strong>architecto</strong></span> <span class='ocrx_word' id='word_1_176' title='bbox 898 1957 985 2037; x_wconf 89' lang='lat' dir='ltr'><strong>aliqui</strong></span> <span class='ocrx_word' id='word_1_177' title='bbox 1005 1959 1092 2020; x_wconf 87' lang='lat' dir='ltr'><strong>deve·</strong></span> 
     </span>
     <span class='ocr_line' id='line_1_22' title="bbox 95 2040 1091 2120; baseline -0.001 -17"><span class='ocrx_word' id='word_1_178' title='bbox 95 2053 170 2103; x_wconf 92' lang='lat' dir='ltr'><strong>ctum</strong></span> <span class='ocrx_word' id='word_1_179' title='bbox 195 2042 310 2103; x_wconf 91' lang='lat' dir='ltr'><strong>tradunt</strong></span> <span class='ocrx_word' id='word_1_180' title='bbox 330 2051 410 2118; x_wconf 91' lang='lat' dir='ltr'><strong>rate,</strong></span> <span class='ocrx_word' id='word_1_181' title='bbox 439 2040 606 2102; x_wconf 74' lang='lat' dir='ltr'><strong>callixenus</strong></span> <span class='ocrx_word' id='word_1_182' title='bbox 633 2061 649 2102; x_wconf 96' lang='lat' dir='ltr'><strong>a</strong></span> <span class='ocrx_word' id='word_1_183' title='bbox 673 2041 821 2102; x_wconf 87' lang='lat' dir='ltr'><strong>Phoenice</strong></span> <span class='ocrx_word' id='word_1_184' title='bbox 848 2043 929 2102; x_wconf 88' lang='lat' dir='ltr'><strong>lossa</strong></span> <span class='ocrx_word' id='word_1_185' title='bbox 950 2042 1091 2120; x_wconf 87' lang='lat' dir='ltr'><strong>perducto</strong></span> 
     </span>
     <span class='ocr_line' id='line_1_23' title="bbox 94 2125 1136 2205; baseline 0.008 -21"><span class='ocrx_word' id='word_1_186' title='bbox 94 2144 187 2203; x_wconf 89' lang='lat' dir='ltr'><strong>usque</strong></span> <span class='ocrx_word' id='word_1_187' title='bbox 202 2125 393 2186; x_wconf 89' lang='lat' dir='ltr'><strong>adiacentem</strong></span> <span class='ocrx_word' id='word_1_188' title='bbox 408 2125 567 2186; x_wconf 91' lang='lat' dir='ltr'><strong>obeliscum</strong></span> <span class='ocrx_word' id='word_1_189' title='bbox 581 2125 665 2203; x_wconf 87' lang='lat' dir='ltr'><strong>Nilo,</strong></span> <span class='ocrx_word' id='word_1_190' title='bbox 682 2128 821 2205; x_wconf 85' lang='lat' dir='ltr'><strong>navisque</strong></span> <span class='ocrx_word' id='word_1_191' title='bbox 836 2125 906 2186; x_wconf 90' lang='lat' dir='ltr'><strong>duas</strong></span> <span class='ocrx_word' id='word_1_192' title='bbox 921 2127 951 2185; x_wconf 89' lang='lat' dir='ltr'><strong>in</strong></span> <span class='ocrx_word' id='word_1_193' title='bbox 965 2126 1090 2187; x_wconf 92' lang='lat' dir='ltr'><strong>latitudi·</strong></span> <span class='ocrx_word' id='word_1_194' title='bbox 1101 2138 1136 2192; x_wconf 84' lang='grc'><strong>66</strong></span> 
     </span>
     <span class='ocr_line' id='line_1_24' title="bbox 95 2206 1091 2288; baseline 0.005 -23"><span class='ocrx_word' id='word_1_195' title='bbox 95 2225 161 2266; x_wconf 90' lang='lat' dir='ltr'><strong>nem</strong></span> <span class='ocrx_word' id='word_1_196' title='bbox 182 2206 295 2284; x_wconf 87' lang='lat' dir='ltr'><strong>patulas</strong></span> <span class='ocrx_word' id='word_1_197' title='bbox 318 2208 468 2284; x_wconf 91' lang='lat' dir='ltr'><strong>pedalibus</strong></span> <span class='ocrx_word' id='word_1_198' title='bbox 493 2226 531 2268; x_wconf 89' lang='lat' dir='ltr'><strong>ex</strong></span> <span class='ocrx_word' id='word_1_199' title='bbox 548 2209 652 2268; x_wconf 90' lang='lat' dir='ltr'><strong>eodem</strong></span> <span class='ocrx_word' id='word_1_200' title='bbox 670 2209 767 2287; x_wconf 89' lang='lat' dir='ltr'><strong>lapide</strong></span> <span class='ocrx_word' id='word_1_201' title='bbox 782 2210 817 2268; x_wconf 87' lang='lat' dir='ltr'><strong>ad</strong></span> <span class='ocrx_word' id='word_1_202' title='bbox 839 2212 983 2270; x_wconf 88' lang='lat' dir='ltr'><strong>rationem</strong></span> <span class='ocrx_word' id='word_1_203' title='bbox 1002 2213 1091 2288; x_wconf 91' lang='lat' dir='ltr'><strong>gemi-</strong></span> 
     </span>
     <span class='ocr_line' id='line_1_25' title="bbox 95 2288 1092 2368; baseline 0.005 -19"><span class='ocrx_word' id='word_1_204' title='bbox 95 2292 153 2350; x_wconf 88' lang='lat' dir='ltr'><strong>nati</strong></span> <span class='ocrx_word' id='word_1_205' title='bbox 168 2307 223 2368; x_wconf 87' lang='lat' dir='ltr'><strong>per</strong></span> <span class='ocrx_word' id='word_1_206' title='bbox 234 2288 377 2367; x_wconf 91' lang='lat' dir='ltr'><strong>duplicem</strong></span> <span class='ocrx_word' id='word_1_207' title='bbox 391 2308 552 2350; x_wconf 87' lang='lat' dir='ltr'><strong>mensuram</strong></span> <span class='ocrx_word' id='word_1_208' title='bbox 564 2292 701 2368; x_wconf 91' lang='lat' dir='ltr'><strong>ponderis</strong></span> <span class='ocrx_word' id='word_1_209' title='bbox 714 2300 849 2352; x_wconf 88' lang='lat' dir='ltr'><strong>oneratas</strong></span> <span class='ocrx_word' id='word_1_210' title='bbox 865 2295 905 2352; x_wconf 92' lang='lat' dir='ltr'><strong>ita</strong></span> <span class='ocrx_word' id='word_1_211' title='bbox 917 2301 948 2351; x_wconf 88' lang='lat' dir='ltr'><strong>ut</strong></span> <span class='ocrx_word' id='word_1_212' title='bbox 960 2294 1092 2354; x_wconf 90' lang='lat' dir='ltr'><strong>subirent</strong></span> 
     </span>
     <span class='ocr_line' id='line_1_26' title="bbox 61 2372 1090 2453; baseline 0 -18"><span class='ocrx_word' id='word_1_213' title='bbox 61 2373 257 2435; x_wconf 80' lang='lat' dir='ltr'><strong>acobeliscum</strong></span> <span class='ocrx_word' id='word_1_214' title='bbox 270 2372 446 2451; x_wconf 90' lang='lat' dir='ltr'><strong>pendentem</strong></span> <span class='ocrx_word' id='word_1_215' title='bbox 469 2374 700 2433; x_wconf 83' lang='lat' dir='ltr'><strong>extremitatibus</strong></span> <span class='ocrx_word' id='word_1_216' title='bbox 722 2377 782 2434; x_wconf 91' lang='lat' dir='ltr'><strong>suis</strong></span> <span class='ocrx_word' id='word_1_217' title='bbox 801 2377 830 2432; x_wconf 90' lang='lat' dir='ltr'><strong>in</strong></span> <span class='ocrx_word' id='word_1_218' title='bbox 847 2377 918 2452; x_wconf 90' lang='lat' dir='ltr'><strong>ripis</strong></span> <span class='ocrx_word' id='word_1_219' title='bbox 937 2377 1090 2453; x_wconf 88' lang='lat' dir='ltr'><strong>utrimque,</strong></span> 
     </span>
     <span class='ocr_line' id='line_1_27' title="bbox 95 2455 1090 2536; baseline 0.001 -19"><span class='ocrx_word' id='word_1_220' title='bbox 95 2465 200 2536; x_wconf 89' lang='lat' dir='ltr'><strong>postea</strong></span> <span class='ocrx_word' id='word_1_221' title='bbox 222 2458 335 2534; x_wconf 90' lang='lat' dir='ltr'><strong>egestis</strong></span> <span class='ocrx_word' id='word_1_222' title='bbox 359 2455 509 2516; x_wconf 86' lang='lat' dir='ltr'><strong>laterculis</strong></span> <span class='ocrx_word' id='word_1_223' title='bbox 534 2455 681 2517; x_wconf 87' lang='lat' dir='ltr'><strong>adlevatas</strong></span> <span class='ocrx_word' id='word_1_224' title='bbox 708 2459 789 2516; x_wconf 91' lang='lat' dir='ltr'><strong>navis</strong></span> <span class='ocrx_word' id='word_1_225' title='bbox 822 2458 977 2536; x_wconf 82' lang='lat' dir='ltr'><strong>excepisse</strong></span> <span class='ocrx_word' id='word_1_226' title='bbox 1007 2475 1090 2536; x_wconf 88' lang='lat' dir='ltr'><strong>onus,</strong></span> 
     </span>
     <span class='ocr_line' id='line_1_28' title="bbox 95 2538 1091 2616; baseline 0 -15"><span class='ocrx_word' id='word_1_227' title='bbox 95 2547 231 2602; x_wconf 83' lang='lat' dir='ltr'><strong>statutum</strong></span> <span class='ocrx_word' id='word_1_228' title='bbox 247 2549 342 2601; x_wconf 90' lang='lat' dir='ltr'><strong>autem</strong></span> <span class='ocrx_word' id='word_1_229' title='bbox 356 2542 386 2600; x_wconf 91' lang='lat' dir='ltr'><strong>in</strong></span> <span class='ocrx_word' id='word_1_230' title='bbox 400 2558 454 2599; x_wconf 87' lang='lat' dir='ltr'><strong>sex</strong></span> <span class='ocrx_word' id='word_1_231' title='bbox 469 2538 534 2600; x_wconf 90' lang='lat' dir='ltr'><strong>talis</strong></span> <span class='ocrx_word' id='word_1_232' title='bbox 552 2548 680 2600; x_wconf 89' lang='lat' dir='ltr'><strong>emcnte</strong></span> <span class='ocrx_word' id='word_1_233' title='bbox 705 2539 825 2616; x_wconf 90' lang='lat' dir='ltr'><strong>ecdem,</strong></span> <span class='ocrx_word' id='word_1_234' title='bbox 841 2549 871 2600; x_wconf 89' lang='lat' dir='ltr'><strong>et</strong></span> <span class='ocrx_word' id='word_1_235' title='bbox 886 2541 1025 2602; x_wconf 85' lang='lat' dir='ltr'><strong>artificem</strong></span> <span class='ocrx_word' id='word_1_236' title='bbox 1041 2541 1091 2601; x_wconf 92' lang='lat' dir='ltr'><strong>do-</strong></span> 
     </span>
     <span class='ocr_line' id='line_1_29' title="bbox 94 2621 1090 2702; baseline 0.003 -20"><span class='ocrx_word' id='word_1_237' title='bbox 94 2633 191 2684; x_wconf 91' lang='lat' dir='ltr'><strong>natum</strong></span> <span class='ocrx_word' id='word_1_238' title='bbox 206 2625 324 2684; x_wconf 86' lang='lat' dir='ltr'><strong>talentis</strong></span> <span class='ocrx_word' id='word_1_239' title='bbox 345 2625 559 2702; x_wconf 88' lang='lat' dir='ltr'><strong>quinquaginta.</strong></span> <span class='ocrx_word' id='word_1_240' title='bbox 594 2621 641 2683; x_wconf 92' lang='lat' dir='ltr'><strong>hic</strong></span> <span class='ocrx_word' id='word_1_241' title='bbox 657 2624 710 2683; x_wconf 89' lang='lat' dir='ltr'><strong>luit</strong></span> <span class='ocrx_word' id='word_1_242' title='bbox 734 2625 762 2682; x_wconf 91' lang='lat' dir='ltr'><strong>in</strong></span> <span class='ocrx_word' id='word_1_243' title='bbox 777 2623 926 2682; x_wconf 83' lang='lat' dir='ltr'><strong>Arsinoeo</strong></span> <span class='ocrx_word' id='word_1_244' title='bbox 945 2625 1058 2702; x_wconf 90' lang='lat' dir='ltr'><strong>positus</strong></span> <span class='ocrx_word' id='word_1_245' title='bbox 1074 2644 1090 2685; x_wconf 92' lang='lat' dir='ltr'><strong>a</strong></span> 
     </span>
     <span class='ocr_line' id='line_1_30' title="bbox 94 2705 1089 2785; baseline 0.004 -20"><span class='ocrx_word' id='word_1_246' title='bbox 94 2725 168 2784; x_wconf 87' lang='lat' dir='ltr'><strong>rege</strong></span> <span class='ocrx_word' id='word_1_247' title='bbox 183 2706 376 2785; x_wconf 91' lang='lat' dir='ltr'><strong>supradicto,</strong></span> <span class='ocrx_word' id='word_1_248' title='bbox 392 2725 492 2766; x_wconf 88' lang='lat' dir='ltr'><strong>munus</strong></span> <span class='ocrx_word' id='word_1_249' title='bbox 508 2708 614 2766; x_wconf 90' lang='lat' dir='ltr'><strong>amoris</strong></span> <span class='ocrx_word' id='word_1_250' title='bbox 625 2709 654 2766; x_wconf 92' lang='lat' dir='ltr'><strong>in</strong></span> <span class='ocrx_word' id='word_1_251' title='bbox 670 2708 795 2783; x_wconf 92' lang='lat' dir='ltr'><strong>coniuge</strong></span> <span class='ocrx_word' id='word_1_252' title='bbox 812 2705 971 2784; x_wconf 87' lang='lat' dir='ltr'><strong>eademque</strong></span> <span class='ocrx_word' id='word_1_253' title='bbox 984 2725 1089 2769; x_wconf 88' lang='lat' dir='ltr'><strong>sorore</strong></span> 
     </span>
     <span class='ocr_line' id='line_1_31' title="bbox 60 2787 1131 2868; baseline 0.002 -18"><span class='ocrx_word' id='word_1_254' title='bbox 60 2789 233 2850; x_wconf 85' lang='lat' dir='ltr'><strong>aoArsinoe</strong></span> <span class='ocrx_word' id='word_1_255' title='bbox 259 2789 327 2850; x_wconf 90' lang='lat' dir='ltr'><strong>inde</strong></span> <span class='ocrx_word' id='word_1_256' title='bbox 346 2808 410 2849; x_wconf 91' lang='lat' dir='ltr'><strong>eum</strong></span> <span class='ocrx_word' id='word_1_257' title='bbox 426 2790 574 2850; x_wconf 91' lang='lat' dir='ltr'><strong>navalibus</strong></span> <span class='ocrx_word' id='word_1_258' title='bbox 592 2790 800 2850; x_wconf 91' lang='lat' dir='ltr'><strong>incommodum</strong></span> <span class='ocrx_word' id='word_1_259' title='bbox 810 2787 958 2850; x_wconf 80' lang='lat' dir='ltr'><strong>Maxumus</strong></span> <span class='ocrx_word' id='word_1_260' title='bbox 974 2792 1086 2868; x_wconf 89' lang='lat' dir='ltr'><strong>quidam</strong></span> <span class='ocrx_word' id='word_1_261' title='bbox 1097 2803 1131 2860; x_wconf 90' lang='lat'><strong>69</strong></span> 
     </span>
     <span class='ocr_line' id='line_1_32' title="bbox 94 2872 1088 2973; baseline 0.003 -41"><span class='ocrx_word' id='word_1_262' title='bbox 94 2874 261 2951; x_wconf 88' lang='lat' dir='ltr'><strong>praelectus</strong></span> <span class='ocrx_word' id='word_1_263' title='bbox 275 2872 405 2950; x_wconf 74' lang='lat' dir='ltr'><strong>Aegypti</strong></span> <span class='ocrx_word' id='word_1_264' title='bbox 419 2874 583 2933; x_wconf 91' lang='lat' dir='ltr'><strong>transtulit&#39;</strong></span> <span class='ocrx_word' id='word_1_265' title='bbox 574 2893 604 2934; x_wconf 91' lang='grc' dir='ltr'><strong>ιιι</strong></span> <span class='ocrx_word' id='word_1_266' title='bbox 618 2876 722 2951; x_wconf 86' lang='lat' dir='ltr'><strong>lorum,</strong></span> <span class='ocrx_word' id='word_1_267' title='bbox 736 2875 834 2933; x_wconf 88' lang='lat' dir='ltr'><strong>reciso</strong></span> <span class='ocrx_word' id='word_1_268' title='bbox 851 2875 1008 2973; x_wconf 84' lang='lat' dir='ltr'><strong>cacumine,</strong></span> <span class='ocrx_word' id='word_1_269' title='bbox 1025 2875 1088 2935; x_wconf 90' lang='lat' dir='ltr'><strong>dum</strong></span> 
     </span>
     <span class='ocr_line' id='line_1_33' title="bbox 95 2955 1087 3040; baseline 0.006 -26"><span class='ocrx_word' id='word_1_270' title='bbox 95 2956 186 3016; x_wconf 91' lang='lat' dir='ltr'><strong>voluit</strong></span> <span class='ocrx_word' id='word_1_271' title='bbox 200 2958 346 3034; x_wconf 84' lang='lat' dir='ltr'><strong>fastigium</strong></span> <span class='ocrx_word' id='word_1_272' title='bbox 361 2955 469 3016; x_wconf 87' lang='lat' dir='ltr'><strong>addere</strong></span> <span class='ocrx_word' id='word_1_273' title='bbox 485 2966 629 3034; x_wconf 91' lang='lat' dir='ltr'><strong>auratum,</strong></span> <span class='ocrx_word' id='word_1_274' title='bbox 648 2958 725 3038; x_wconf 88' lang='lat' dir='ltr'><strong>quod</strong></span> <span class='ocrx_word' id='word_1_275' title='bbox 740 2966 844 3035; x_wconf 88' lang='lat' dir='ltr'><strong>postea</strong></span> <span class='ocrx_word' id='word_1_276' title='bbox 860 2959 964 3018; x_wconf 88' lang='lat' dir='ltr'><strong>omisit.</strong></span> <span class='ocrx_word' id='word_1_277' title='bbox 990 2959 1032 3040; x_wconf 80' lang='lat' dir='ltr'><strong>[A]</strong></span> <span class='ocrx_word' id='word_1_278' title='bbox 1049 2959 1087 3019; x_wconf 86' lang='lat' dir='ltr'><strong>Et</strong></span> 
     </span>
     <span class='ocr_line' id='line_1_34' title="bbox 94 3038 1087 3121; baseline 0.004 -23"><span class='ocrx_word' id='word_1_279' title='bbox 94 3040 141 3099; x_wconf 91' lang='lat' dir='ltr'><strong>alii</strong></span> <span class='ocrx_word' id='word_1_280' title='bbox 154 3039 211 3099; x_wconf 95' lang='lat' dir='ltr'><strong>duo</strong></span> <span class='ocrx_word' id='word_1_281' title='bbox 223 3049 288 3100; x_wconf 91' lang='lat' dir='ltr'><strong>sunt</strong></span> <span class='ocrx_word' id='word_1_282' title='bbox 300 3038 505 3100; x_wconf 77' lang='lat' dir='ltr'><strong>Alexandreae</strong></span> <span class='ocrx_word' id='word_1_283' title='bbox 517 3039 552 3099; x_wconf 92' lang='lat' dir='ltr'><strong>ad</strong></span> <span class='ocrx_word' id='word_1_284' title='bbox 564 3044 695 3118; x_wconf 90' lang='lat' dir='ltr'><strong>portum&#39;</strong></span> <span class='ocrx_word' id='word_1_285' title='bbox 688 3061 716 3102; x_wconf 92' lang='grc' dir='ltr'><strong>ιιι</strong></span> <span class='ocrx_word' id='word_1_286' title='bbox 729 3039 864 3102; x_wconf 78' lang='lat' dir='ltr'><strong>Caesaris</strong></span> <span class='ocrx_word' id='word_1_287' title='bbox 878 3042 999 3120; x_wconf 88' lang='lat' dir='ltr'><strong>templo,</strong></span> <span class='ocrx_word' id='word_1_288' title='bbox 1015 3060 1087 3121; x_wconf 85' lang='lat' dir='ltr'><strong>quos</strong></span> 
     </span>
     <span class='ocr_line' id='line_1_35' title="bbox 94 3122 1088 3204; baseline 0.004 -21"><span class='ocrx_word' id='word_1_289' title='bbox 94 3122 201 3183; x_wconf 84' lang='lat' dir='ltr'><strong>excidit</strong></span> <span class='ocrx_word' id='word_1_290' title='bbox 210 3122 364 3202; x_wconf 84' lang='lat' dir='ltr'><strong>Mesphres</strong></span> <span class='ocrx_word' id='word_1_291' title='bbox 384 3141 438 3183; x_wconf 87' lang='lat' dir='ltr'><strong>rex</strong></span> <span class='ocrx_word' id='word_1_292' title='bbox 456 3124 668 3202; x_wconf 88' lang='lat' dir='ltr'><strong>quadragenum</strong></span> <span class='ocrx_word' id='word_1_293' title='bbox 683 3126 779 3184; x_wconf 91' lang='lat' dir='ltr'><strong>binum</strong></span> <span class='ocrx_word' id='word_1_294' title='bbox 795 3125 966 3186; x_wconf 86' lang='lat' dir='ltr'><strong>cubitorum.</strong></span> <span class='ocrx_word' id='word_1_295' title='bbox 992 3125 1088 3204; x_wconf 88' lang='lat' dir='ltr'><strong>Super</strong></span> 
     </span>
     <span class='ocr_line' id='line_1_36' title="bbox 58 3206 1087 3288; baseline 0.005 -23"><span class='ocrx_word' id='word_1_296' title='bbox 58 3209 187 3267; x_wconf 69' lang='lat' dir='ltr'><strong>somnia</strong></span> <span class='ocrx_word' id='word_1_297' title='bbox 208 3209 333 3267; x_wconf 87' lang='lat' dir='ltr'><strong>accessit</strong></span> <span class='ocrx_word' id='word_1_298' title='bbox 355 3206 506 3267; x_wconf 84' lang='lat' dir='ltr'><strong>difficultas</strong></span> <span class='ocrx_word' id='word_1_299' title='bbox 527 3210 597 3268; x_wconf 93' lang='lat' dir='ltr'><strong>mari</strong></span> <span class='ocrx_word' id='word_1_300' title='bbox 618 3207 738 3269; x_wconf 86' lang='lat' dir='ltr'><strong>Romam</strong></span> <span class='ocrx_word' id='word_1_301' title='bbox 762 3207 926 3268; x_wconf 86' lang='lat' dir='ltr'><strong>devehendi</strong></span> <span class='ocrx_word' id='word_1_302' title='bbox 948 3211 1087 3288; x_wconf 88' lang='lat' dir='ltr'><strong>spectatis</strong></span> 
     </span>
     <span class='ocr_line' id='line_1_37' title="bbox 93 3286 1130 3370; baseline 0.007 -19"><span class='ocrx_word' id='word_1_303' title='bbox 93 3290 242 3352; x_wconf 91' lang='lat' dir='ltr'><strong>admodum</strong></span> <span class='ocrx_word' id='word_1_304' title='bbox 265 3290 395 3352; x_wconf 86' lang='lat' dir='ltr'><strong>navibus.</strong></span> <span class='ocrx_word' id='word_1_305' title='bbox 433 3286 516 3351; x_wconf 91' lang='lat' dir='ltr'><strong>divos</strong></span> <span class='ocrx_word' id='word_1_306' title='bbox 540 3291 689 3369; x_wconf 87' lang='lat' dir='ltr'><strong>Augustus</strong></span> <span class='ocrx_word' id='word_1_307' title='bbox 710 3311 772 3353; x_wconf 91' lang='lat' dir='ltr'><strong>eam</strong></span> <span class='ocrx_word' id='word_1_308' title='bbox 792 3309 866 3370; x_wconf 85' lang='lat' dir='ltr'><strong>quae</strong></span> <span class='ocrx_word' id='word_1_309' title='bbox 887 3293 1016 3370; x_wconf 86' lang='lat' dir='ltr'><strong>priorem</strong></span> <span class='ocrx_word' id='word_1_310' title='bbox 1038 3293 1084 3354; x_wconf 90' lang='lat' dir='ltr'><strong>ad·</strong></span> <span class='ocrx_word' id='word_1_311' title='bbox 1095 3304 1130 3358; x_wconf 85' lang='lat'><strong>70</strong></span> 
     </span>
     <span class='ocr_line' id='line_1_38' title="bbox 91 3373 1086 3456; baseline 0.005 -23"><span class='ocrx_word' id='word_1_312' title='bbox 91 3383 214 3436; x_wconf 86' lang='lat' dir='ltr'><strong>vexerat</strong></span> <span class='ocrx_word' id='word_1_313' title='bbox 230 3373 359 3433; x_wconf 91' lang='lat' dir='ltr'><strong>miraculi</strong></span> <span class='ocrx_word' id='word_1_314' title='bbox 376 3377 470 3452; x_wconf 87' lang='lat' dir='ltr'><strong>gratia</strong></span> <span class='ocrx_word' id='word_1_315' title='bbox 487 3374 617 3436; x_wconf 88' lang='lat' dir='ltr'><strong>Puteolis</strong></span> <span class='ocrx_word' id='word_1_316' title='bbox 635 3379 788 3456; x_wconf 87' lang='lat' dir='ltr'><strong>perpetuis</strong></span> <span class='ocrx_word' id='word_1_317' title='bbox 807 3376 956 3437; x_wconf 90' lang='lat' dir='ltr'><strong>navalibus</strong></span> <span class='ocrx_word' id='word_1_318' title='bbox 972 3377 1086 3438; x_wconf 89' lang='lat' dir='ltr'><strong>dicave-</strong></span> 
     </span>
     <span class='ocr_line' id='line_1_39' title="bbox 91 3457 1101 3538; baseline -0.005 -22"><span class='ocrx_word' id='word_1_319' title='bbox 91 3467 153 3533; x_wconf 87' lang='lat' dir='ltr'><strong>rat,</strong></span> <span class='ocrx_word' id='word_1_320' title='bbox 174 3457 307 3518; x_wconf 90' lang='lat' dir='ltr'><strong>incendio</strong></span> <span class='ocrx_word' id='word_1_321' title='bbox 324 3467 492 3538; x_wconf 88' lang='lat' dir='ltr'><strong>consumpta</strong></span> <span class='ocrx_word' id='word_1_322' title='bbox 512 3478 547 3520; x_wconf 91' lang='lat' dir='ltr'><strong>ea</strong></span> <span class='ocrx_word' id='word_1_323' title='bbox 570 3468 624 3522; x_wconf 88' lang='lat' dir='ltr'><strong>est.</strong></span> <span class='ocrx_word' id='word_1_324' title='bbox 657 3462 741 3522; x_wconf 88' lang='lat' dir='ltr'><strong>divos</strong></span> <span class='ocrx_word' id='word_1_325' title='bbox 757 3459 896 3520; x_wconf 80' lang='lat' dir='ltr'><strong>Claudius</strong></span> <span class='ocrx_word' id='word_1_326' title='bbox 909 3461 1101 3534; x_wconf 54' lang='lat' dir='ltr'><strong>alicpcwex</strong></span> 
     </span>
    </p>
   </div>
   <div class='ocr_carea' id='block_1_3' title="bbox 0 0 1194 3840">
    <p class='ocr_par' dir='ltr' id='par_1_3' title="bbox 0 0 1194 3840">
     <span class='ocr_line' id='line_1_40' title="bbox 0 0 1194 3840; baseline 0 2"><span class='ocrx_word' id='word_1_327' title='bbox 0 0 1194 3840; x_wconf 95' lang='lat' dir='ltr'><strong> </strong></span> 
     </span>
    </p>
   </div>
  </div>
 </body>
</html>
