2378 3840
281 203 360 250 nau.
383 201 474 249 urso.
496 202 621 248 xxxrrr.
641 198 668 250 a.
692 200 719 251 5.
739 183 889 268 (ua-ut.)
1046 188 1085 248 19

91 354 178 415 melle
200 371 273 415 vero
295 356 446 417 decoctum
464 374 528 415 cum
542 354 699 413 melanthio
718 362 747 413 et
763 353 873 413 inlitum
892 352 1028 413 umbilico
1042 352 1085 412 le·

92 441 168 498 viter
189 438 278 498 solvit
304 439 408 500 alvom.
458 456 528 498 auro
557 455 694 497 verrucas
720 437 814 495 curari
842 435 882 496 ll.
913 433 1008 495 Varro
1037 452 1085 493 au·

93 530 172 662 ctcr5
173 530 227 581 est.

155 604 289 683 5..(26)
316 603 507 680 chrysocolla
528 621 609 663 umor
626 612 672 663 est
691 603 720 662 in
743 604 839 680 puteis
861 620 934 680 quos
956 601 1078 663 diximus

68 704 147 765 oper
159 704 261 747 venam
275 705 336 747 aurr
329 686 479 748 defluens
493 694 696 746 crassescente
710 685 778 745 limo
794 685 940 764 rigoribus
956 684 1071 745 hiber-⁶

92 773 136 830 nis
152 788 243 848 usque
258 772 288 828 in
303 769 436 830 duritiam
454 773 583 848 pumicis.
616 769 803 829 laudatiorem
825 769 968 828 eandem'
960 788 989 828 ιιι
1005 782 1091 833 aera-t

92 854 143 913 riis
157 853 281 914 metallis
298 861 328 912 et
345 870 511 930 proxumam
526 855 554 911 in
576 853 748 929 argentariis
765 853 828 911 tieri
837 860 1014 951 conpertum
1029 859 1083 912 est.

92 936 237 996 invenitur
258 937 317 996 et
309 955 338 994 ιιι
358 936 523 1014 plumbariis
544 936 631 994 vilior
652 937 736 994 etiam
751 937 872 996 auraria
909 938 937 994 in
953 935 1084 995 omnibus

91 1027 187 1078 autem
203 1017 247 1077 his
269 1017 392 1078 metallis
408 1020 439 1077 tit
462 1026 492 1079 et
513 1037 580 1077 cura
604 1017 721 1077 multum
740 1018 814 1078 inira
830 1017 987 1078 naturalem
1006 1016 1084 1076 illam

55 1119 82 1161 ιο
91 1103 216 1161 inmissis
239 1103 268 1160 in
282 1119 384 1160 venam
405 1104 486 1180 aquis
507 1101 612 1161 leniter
633 1100 728 1160 hieme
746 1110 807 1161 tota
823 1120 915 1180 usque
931 1103 958 1160 in
976 1101 1086 1160 lunium

91 1201 232 1261 mensem,
240 1184 307 1243 dein
319 1186 436 1244 siccatis
447 1184 529 1244 lunio
543 1193 572 1245 et
584 1184 669 1258 lulio,
678 1184 804 1262 utplane
816 1184 1003 1261 intellegatur
1014 1183 1085 1243 nihil

92 1267 167 1328 aliud
185 1266 368 1344 chrysocolla
390 1286 473 1346 quam
494 1286 567 1328 vena
584 1269 688 1346 putris.
720 1270 816 1327 nativa
833 1268 936 1327 duritia
950 1285 1080 1326 maxume
1092 1278 1127 1334 87

93 1350 195 1426 distat,
218 1369 299 1409 uvam
316 1360 429 1411 vocant
465 1360 495 1410 et
511 1360 605 1409 tamen
623 1351 672 1410 illa
687 1368 803 1429 quoque
823 1351 913 1410 herba
937 1368 1021 1428 quam
1043 1349 1085 1409 lu·

93 1440 150 1493 tum
171 1433 318 1511 appellant
340 1436 489 1510 tinguitur.
531 1441 631 1492 natura
655 1441 701 1492 est
723 1451 796 1511 quae
820 1433 879 1492 lino
908 1432 1028 1491 lanaeve
1050 1432 1117 1529 adp

56 1533 191 1577 rosacum
207 1515 372 1575 bibendum.
405 1517 575 1575 tunditurrn
598 1515 674 1591 pila,
699 1515 766 1574 dein
785 1516 863 1575 tenui
879 1515 976 1574 cribro
993 1516 1087 1574 cerni·

93 1607 156 1674 tur,
178 1605 282 1675 postea
297 1597 414 1657 molitur
433 1613 466 1656 ac
487 1597 589 1656 deinde
615 1599 728 1656 tenuius
760 1599 911 1657 cribratur.
948 1598 1085 1676 quidquid

92 1699 150 1741 non
172 1688 329 1740 transmeat
351 1680 494 1758 repetitur
515 1682 543 1738 in
560 1678 635 1756 pila,
655 1679 722 1738 dein
736 1680 862 1740 molitur.
898 1679 992 1757 pulvis
1010 1692 1129 1746 sem-ss

92 1783 146 1843 per
160 1764 190 1823 in
205 1765 316 1823 catinos
337 1764 478 1841 digeritur
498 1771 527 1823 et
543 1781 581 1823 ex
596 1770 680 1822 aceto
699 1771 859 1822 maceratur
879 1770 910 1820 ut
929 1763 1019 1821 omnis
1038 1762 1086 1822 du·

92 1849 157 1907 ritia
169 1847 309 1925 solvatur,
324 1865 357 1907 ac
371 1865 470 1906 rursus
486 1846 629 1923 tunditur,
646 1846 713 1905 dein
728 1846 838 1906 lavatur
853 1844 982 1920 conchis,
998 1845 1086 1904 sicca·

57 1942 83 1985 to
93 1939 154 2007 tur,
177 1939 243 1990 tunc
262 1932 400 2008 tinguitur
416 1930 539 1990 alumine
555 1929 665 1990 schisto
682 1938 711 1989 et
724 1929 815 1990 herba
830 1946 915 2007 supra
931 1928 1007 1987 dicta
1025 1930 1086 2007 pin·

92 2016 227 2093 giturque
248 2023 398 2092 antequam
422 2015 530 2092 pingat.
581 2014 673 2073 reiert
697 2031 780 2092 quam
805 2013 902 2072 bibula
924 2011 1086 2091 docilisque

93 2098 140 2156 ait.
178 2115 242 2156 nam
267 2099 322 2156 nisi
345 2099 439 2174 rapuit
460 2098 605 2172 colorem,
627 2097 766 2157 adduntur
786 2105 816 2157 et
833 2105 981 2172 scytanum
1000 2105 1086 2174 atque

93 2178 256 2238 turbistum.
287 2181 327 2238 ita
343 2188 446 2239 vocant
463 2180 668 2239 medicamenta
683 2181 807 2240 sorbere
823 2181 967 2256 cogentia.

157 2260 240 2339 (27.)
270 2257 340 2319 Cum
367 2263 481 2320 tinxere
507 2264 655 2337 pictores,
682 2263 810 2322 orchitin
831 2271 936 2321 vocant
958 2264 1080 2341 eiusque
1092 2274 1127 2328 89

60 2343 152 2403 asduo
173 2360 284 2420 genera
303 2342 427 2419 iaciunt,
451 2343 556 2401 elatam
580 2358 653 2419 quae
676 2353 809 2404 servatur
828 2345 858 2401 in
880 2344 1035 2404 lomentum
1057 2354 1087 2404 et

93 2426 227 2504 liquidam
242 2425 368 2504 globulis
387 2426 493 2485 sudore
510 2425 658 2486 resolutis.
695 2425 768 2486 haec
789 2433 910 2503 utraque
932 2443 1042 2502 genera
1057 2428 1086 2486 in

22 2575 24 2580 ,
95 2506 192 2588 Cypro
207 2510 285 2570 liunt.
314 2509 505 2569 laudatissima
523 2516 617 2568 autem
636 2510 725 2567 estin
743 2508 896 2585 Armenia,
917 2508 1042 2567 secunda
1057 2511 1086 2567 in

92 2591 279 2668 Macedonia,
301 2593 463 2669 largissima
485 2594 514 2651 in
533 2591 679 2669 Hispania.
714 2608 820 2649 summa
842 2599 888 2649 est
908 2591 1087 2650 commenda

94 2675 180 2732 tionis
195 2682 225 2732 ut
246 2674 397 2734 colorem
388 2694 418 2734 ιιι
434 2675 524 2734 herba
545 2676 657 2751 segetis
672 2674 749 2733 laete
766 2674 887 2732 virentis
903 2691 986 2752 quam
1001 2648 1093 2773 simili

58 2773 84 2816 eo
94 2755 161 2815 lime
175 2755 284 2818 reddat.
314 2759 462 2835 visumque
482 2760 536 2816 iam
551 2766 597 2816 est
612 2756 738 2816 Neronis
753 2757 892 2834 principis
909 2758 1129 2843 spectaculisbo

93 2837 229 2896 harenam
251 2839 320 2897 circi
339 2838 522 2915 chrysocolla
537 2841 647 2915 aterni,
664 2857 727 2898 cum
742 2840 805 2916 ipse
824 2840 973 2900 concolori
991 2846 1102 2918 panno?

94 2921 274 2996 aurigaturus
296 2929 387 2980 esset.
425 2922 539 2981 indocta
561 2922 694 2999 opiticum
710 2921 794 2980 turha
811 2922 902 2982 tribus
917 2941 979 2982 eam
995 2941 1085 2999 gene·

93 3002 173 3061 ribus
190 3003 356 3079 distinguit:
378 3020 510 3080 asperam
526 3021 600 3081 quae
615 3005 755 3063 taxatur
746 3022 775 3062 ιιι
795 3004 884 3065 libras
902 3004 1009 3081 XVII,
1028 3024 1087 3066 me·

95 3086 168 3145 diam
190 3102 263 3163 quae
284 3083 312 3145 X
335 3100 373 3162 v,
399 3086 541 3163 attritam,
563 3104 645 3163 quam
669 3095 699 3146 et
720 3085 891 3146 herbaceam
915 3096 1034 3166 vocant,
1059 3085 1087 3147 X

60 3181 145 3230 acm.
184 3168 331 3229 sublinunt
355 3178 450 3229 autem
474 3168 645 3230 harenosam
665 3170 829 3247 priusquam
851 3170 988 3230 inducant
1014 3179 1087 3230 atra-

93 3262 191 3314 mento
207 3262 237 3313 et
251 3254 432 3333 paraetonio.
462 3252 533 3314 haec
550 3261 615 3314 sunt
631 3253 741 3313 tenacia
756 3253 837 3331 cius,
851 3253 953 3314 colore
969 3252 1081 3315 blanda.
1094 3264 1128 3319 91

94 3339 309 3415 paraetonium,
334 3339 468 3417 quoniam
488 3347 534 3398 est
556 3345 655 3397 natura
677 3338 892 3416 pinguissimum
916 3344 945 3397 et
964 3344 1086 3415 propter

94 3419 224 3482 levorem
240 3423 467 3500 tenacissimum,
487 3428 647 3483 atramento
663 3420 868 3501 adspergitur
856 3421 1104 3561 ιξὴιιιιῆιώ
