2378 3840
303 188 382 235 suu.
399 187 490 235 mrsu.
510 185 736 241 usstiurei.
755 177 904 256 (lt—16.)
1062 179 1104 242 39

102 339 236 405 Cloeliae
252 359 368 421 quoque
383 340 452 402 Piso
468 342 598 403 traderet
613 344 648 403 ab
665 345 700 402 iis
717 345 841 422 positam
853 344 900 420 qui
918 360 972 401 una
985 345 1103 407 obsides

103 426 246 503 fuissent,
262 425 382 486 redditis
401 445 417 486 a
432 424 554 487 Porsina
569 428 599 487 in
615 426 757 487 honorem
772 428 853 503 eius,
877 443 894 484 e
910 426 1028 486 diverso
1044 428 1104 489 An-

103 511 167 569 nius
191 510 299 570 fetialis
321 519 506 588 equestrem,
528 528 602 588 quae
627 511 717 570 fuerit
745 519 845 571 contra
872 509 951 570 lovis
978 510 1102 572 Statoris

104 593 204 653 aedem
225 596 254 654 in
276 594 423 654 vestibulo
445 593 571 672 Superbi
599 595 716 670 domus,
739 593 877 655 Valeriae
897 594 989 655 fuisse
1008 593 1104 655 Publi·

80 677 187 738 scolae
213 678 342 739 consulis
367 678 462 754 filiae,
490 695 611 756 eamque
632 676 724 737 solam
747 678 895 755 refugisse
916 677 1103 757 Tiberimque

103 763 330 822 transnatavisse
359 763 469 822 ceteris
497 762 648 821 obsidibus
678 763 726 839 qui
746 760 888 822 Porsinae
914 763 1105 823 mittebantur

102 846 283 923 interemptis
300 844 437 923 Tarquini
453 844 576 906 insidiis.

167 928 247 1011 (14.)
263 928 368 989 Lucius
384 928 453 988 Piso
471 928 600 1006 prodidit
614 928 652 989 bl.
670 928 805 988 Aemilio
815 927 846 989 0.
862 929 979 1009 Popilio
996 932 1100 991 iterum
1112 939 1146 994 30

79 1029 80 1032 ¹
103 1029 178 1070 coss.
199 1030 215 1071 a
235 1012 409 1071 censoribus
426 1010 458 1071 P.
477 1009 617 1072 Cornelio
639 1011 778 1089 Scipione
802 1011 839 1072 bl.
855 1012 971 1092 Popilio
993 1014 1103 1073 'statuas
1179 1079 1183 1082 ,

68 1108 94 1150 ao
103 1095 179 1153 circa
195 1095 289 1154 forum
302 1111 402 1154 eorum
414 1097 461 1173 qui
477 1097 675 1172 magistratum
689 1097 990 1204 gesserant>sublatas
1011 1088 1172 1166 omnisus

102 1187 222 1257 praeter
234 1197 285 1239 eas
297 1197 371 1257 quae
385 1179 485 1257 populi
498 1187 546 1239 aut
561 1188 679 1240 senatus
692 1183 837 1241 sententia
850 1189 976 1242 statutae
990 1190 1102 1257 essent,

101 1280 164 1322 eam
181 1282 253 1323 vero
269 1281 353 1341 quam
369 1263 444 1342 apud
459 1263 560 1324 aedem
576 1263 702 1324 Telluris
723 1267 875 1326 statuisset
891 1266 947 1333 sibi
967 1265 1018 1344 Sp.
1035 1263 1103 1326 Cas·

84 1348 161 1428 'sius
183 1349 230 1427 qui
249 1366 371 1424 regnum
387 1347 585 1408 adfectaverat
606 1350 693 1409 etiam
713 1347 867 1408 conflatam
886 1368 902 1409 a
918 1349 1101 1410 censoribus.

101 1433 232 1489 nimirum
252 1431 283 1489 in
304 1449 339 1491 ea
361 1448 478 1509 quoque
499 1449 533 1490 re
554 1432 741 1491 ambitionem
765 1433 959 1511 providebant
976 1433 1018 1493 illi
1035 1434 1101 1493 viri.

67 1532 93 1574 as
103 1521 219 1572 exstant
234 1511 353 1572 Catonis
369 1516 399 1571 in
414 1532 537 1574 censura
552 1517 782 1575 vociferationes
797 1515 968 1574 mulieribus
987 1524 1098 1575 statuas
1111 1527 1144 1582 31

100 1596 238 1656 Romanis
259 1598 288 1654 in
304 1597 464 1673 provinciis
479 1598 558 1674 poni.
592 1616 649 1657 nec
669 1606 764 1658 tamen
779 1600 875 1677 potuit
892 1599 1026 1660 inhibere
1044 1618 1101 1678 quo

99 1682 192 1739 minus
206 1679 318 1740 Romae
335 1697 450 1759 quoque
470 1689 665 1757 ponerentur,
686 1683 770 1741 sicuti
787 1679 943 1743 Corneliae
959 1681 1102 1743 Graccho·

99 1783 161 1823 rum
175 1765 276 1841 matri,
301 1782 376 1843 quae
398 1765 452 1824 fuit
465 1764 594 1825 Africani
612 1765 720 1843 prioris
742 1764 811 1825 filia.
846 1766 952 1826 sedens
968 1767 1035 1826 huic
1051 1785 1101 1844 po·

100 1851 155 1908 sita
169 1848 320 1928 soleisque
338 1849 401 1909 siue
423 1857 566 1910 ammento
582 1849 705 1926 insignis
727 1849 756 1907 iu
769 1846 882 1910 Metelli
904 1849 1019 1928 publica
1036 1868 1102 1927 por·

63 1935 173 2011 mttcu,
193 1951 266 2012 quae
283 1940 376 1993 statua
392 1936 466 1993 nuu'c
482 1941 528 1993 est
546 1935 576 1993 iu
595 1931 734 1994 Octaviae
751 1933 902 2012 operibus.

163 2018 245 2098 (15.)
271 2017 391 2078 Publice
416 2026 512 2078 auteur
538 2018 574 2078 ab
603 2019 715 2079 exteris
739 2019 835 2096 posita
858 2027 904 2078 cst
925 2017 1037 2078 Romae
1063 2015 1145 2081 (232

99 2101 188 2161 Aelio
203 2102 319 2161 tribuno
337 2101 433 2179 plebis
445 2102 516 2179 lege
536 2103 648 2181 perlata
669 2104 699 2163 in
714 2102 883 2162 Sthennium
899 2101 1030 2163 Staliium
1047 2100 1101 2162 bu·

99 2201 199 2243 canum
213 2187 261 2260 qui
277 2183 421 2243 Thurinos
440 2185 485 2244 bis
501 2187 702 2247 infestaverat.
744 2187 781 2246 ob
806 2186 835 2245 id
850 2186 967 2247 Aelium
981 2186 1101 2246 Thurini

100 2274 194 2326 statua
219 2275 249 2325 et
270 2282 380 2325 corona
401 2284 488 2326 aurea
510 2266 659 2329 donarunt.
696 2269 783 2330 iidem
810 2279 915 2348 postea
937 2271 1101 2331 Fabricium

64 2349 247 2410 redonavere
279 2357 373 2408 statua
405 2349 521 2408 liberati
548 2351 720 2428 obsidione,
747 2354 914 2431 passimque
940 2362 1045 2430 gentes
1071 2355 1100 2414 iu

99 2434 251 2494 clientelas
269 2435 309 2494 ita
324 2441 480 2511 receptae,
503 2442 534 2494 'et
549 2435 622 2494 adeo
640 2435 794 2495 discrimen
811 2452 895 2494 omne
912 2434 1054 2494 sublatum
1070 2445 1100 2494 ut

98 2517 265 2579 Hannibalis
281 2518 368 2577 etiarn
380 2525 492 2577 statuae
506 2517 598 2577 tribus
610 2517 684 2580 locis
697 2519 827 2577 visantur
838 2518 867 2577 in
880 2536 915 2577 ea
930 2517 1003 2577 urbe
1020 2520 1100 2578 cuius

98 2603 172 2661 iutra
188 2619 285 2662 muros
302 2601 383 2662 solus
395 2600 520 2661 bostium
536 2602 631 2662 emisit
645 2601 764 2661 hastam.

161 2687 188 2744 7.
207 2686 287 2763 (16.)
303 2685 408 2745 Fuisse
420 2694 516 2747 autem
527 2687 694 2745 statuariam
709 2693 801 2744 artem
813 2685 982 2762 familiarem
996 2687 1144 2785 Italiaetq

64 2785 215 2845 aequoque
231 2776 261 2827 et
283 2775 429 2827 vetustam
449 2771 575 2829 indicant
590 2768 732 2830 Hercules
753 2769 789 2828 ab
804 2767 940 2831 Evandro
957 2779 1130 2849 sacratus*

99 2859 129 2909 ut
151 2851 292 2929 produnt,
313 2853 343 2911 in
367 2852 434 2910 foro
455 2853 575 2930 boario,
599 2855 646 2932 qui
669 2851 849 2931 triumphalis
871 2864 992 2915 vocatur
1012 2865 1099 2933 atque

98 2951 153 3011 per
175 2935 334 3014 triumphos
355 2937 480 2995 vestitur
505 2936 604 2996 habitu
627 2936 808 3014 triumphali,
837 2946 993 3016 praeterea
1013 2940 1099 3001 lanus

98 3019 231 3093 geminus
247 3037 263 3077 a
277 3018 369 3077 Numa
385 3037 459 3095 rege
475 3018 606 3096 dicatus,
622 3022 669 3096 qui
686 3021 766 3098 pacis
782 3021 912 3099 bellique
928 3031 1098 3100 argumento

99 3101 204 3160 colitur
215 3102 312 3178 digitis
325 3103 365 3160 ita
375 3102 507 3179 figuratis
522 3111 553 3161 ut
565 3100 718 3162 CCCLXV
730 3103 841 3164 dierum
852 3113 921 3166 uota
932 3114 981 3167 aut
996 3125 1050 3185 per
1063 3108 1099 3165 si·

62 3203 88 3244 es
98 3185 311 3262 gnificatiouem
323 3187 388 3245 anni
398 3188 543 3264 ¹temporis
555 3195 585 3247 et
595 3190 660 3246 aevi
672 3206 740 3248 esse
760 3186 844 3249 deum
855 3188 994 3251 indicent.
1014 3192 1096 3267 sigua
1108 3199 1143 3255 34

99 3275 215 3348 qnoque
232 3267 389 3329 Tuscanica
407 3287 461 3348 per
476 3279 570 3330 terras
586 3271 720 3350 dispersa
727 3315 737 3349 ,
760 3290 834 3350 quae
853 3273 925 3352 quin
940 3276 968 3332 in
983 3272 1099 3333 Etruria

97 3353 226 3413 factitata
250 3353 307 3411 sint
328 3370 387 3412 nou
411 3362 457 3414 est
480 3355 603 3414 dubium.
639 3356 760 3417 deorum
784 3364 891 3416 tantum
912 3366 1043 3436 putarem
1065 3376 1100 3418 ea

96 3435 205 3514 fuisse,
226 3436 253 3495 ui
271 3435 461 3498 Metrodorus
476 3438 614 3517 Scepsius
635 3441 680 3500 cui
698 3456 863 3517 cognomen
879 3440 1100 3502 altemanius·
