2378 3840
273 194 352 242 nur.
374 193 464 243 urar.
487 194 609 242 xxxvi.
632 192 750 245 13-15.
773 178 922 264 (ro-24.)
1037 181 1100 245 >123

98 368 182 412 xuma
206 346 301 408 moles
325 348 379 407 init
399 367 455 410 uec
479 349 555 410 sedit
575 352 604 408 in
626 348 733 425 cubili,
757 348 844 408 anxio
865 349 978 409 artilioe
997 351 1099 411 mortis

98 434 294 494 destinatione
310 450 455 510 suprema.
489 433 603 493 tradunt
618 434 648 508 in
671 451 706 494 ea
724 433 904 509 cogitatione
921 433 1031 492 fessum
1047 451 1096 492 no·
1107 443 1140 498 97

97 526 200 577 cturno
218 524 352 594 tempore
375 518 405 576 in
427 518 526 595 quiete
541 516 652 576 vidisse
669 524 855 595 praesentem
871 514 953 575 deam
967 518 1011 576 cui
1029 525 1099 575 tern-

95 602 174 680 plum
196 601 282 660 lieret
303 600 468 660 hortantem
490 609 521 659 ut
535 602 665 677 viveret,
688 620 722 661 se
745 602 940 676 conposuisse
960 599 1096 678 lapidem,

71 694 183 762 satque
199 686 239 744 ita
256 693 376 762 postera
391 684 457 744 luce
472 684 614 762 adparuit,
628 683 759 761 pondere
771 686 837 762 ipso
853 693 1004 744 correctns
1019 684 1099 744 vide·

96 769 189 830 batur.
214 776 316 828 cetera
331 769 394 828 eius
414 771 513 847 operis
530 777 695 828 ornamenta
710 768 834 846 plurium
850 767 990 829 librorum
1007 770 1099 827 instar

96 854 229 931 optinent
243 851 314 911 nihil
330 851 367 910 ad
385 855 514 930 speciem
530 860 649 912 naturae
665 853 851 929 pertinentia.

160 939 207 997 15.
235 934 318 1014 (22.)
349 935 441 996 Durat
464 945 494 997 et
519 935 617 1012 Cyzici
644 935 813 1011 delubrum,
843 939 872 995 in
902 953 959 1014 qno
987 935 1095 995 millum
1106 946 1142 1001 98

95 1038 213 1080 aureum
234 1021 424 1079 conmissuris
450 1019 581 1080 omnibus
604 1019 688 1097 politi
710 1019 813 1097 lapidis
835 1020 961 1080 subiecit
979 1020 1097 1095 artifex,

60 1104 237 1167 roeboreum
257 1102 359 1163 lovem
385 1103 530 1164 dicaturus
556 1105 634 1163 intus
656 1112 815 1163 coronante
843 1122 908 1163 eum
935 1120 1097 1164 marmoreo

96 1186 243 1264 Apolline.
271 1188 449 1248 translucent
462 1205 535 1266 ergo
552 1189 702 1247 iuncturae
717 1189 896 1248 tenuissimis
913 1187 1098 1265 capillamen-

95 1272 132 1330 tis
148 1270 266 1350 lenique
284 1271 390 1332 adllatu
408 1272 560 1332 simulacra
574 1272 729 1349 refovent,
752 1281 782 1332 et
803 1280 923 1350 praeter
950 1273 1098 1348 ingenium

94 1357 213 1415 artificis
228 1357 293 1433 ipsa
308 1359 428 1417 materia
440 1357 563 1432 ingeriei
575 1358 704 1434 quamvis
718 1357 831 1435 occulta
841 1357 871 1415 in
885 1357 982 1435 pretio
996 1357 1096 1433 operis

94 1439 287 1514 intellegitur.

58 1540 83 1581 rc
158 1521 240 1600 (23.)
268 1520 380 1581 Eodem
401 1523 430 1580 in
453 1522 560 1599 oppido
587 1531 633 1580 est
657 1522 731 1599 lapis
753 1522 895 1598 fugitivos
918 1521 1094 1600 appellatus,
1107 1531 1140 1586 99

93 1608 284 1684 Argonautae
299 1623 336 1665 eo
354 1622 409 1682 pro
431 1622 536 1664 ancora
551 1606 595 1663 usi
614 1605 794 1683 reliquerant
816 1605 882 1682 ibi..
905 1605 980 1665 huuc
996 1625 1013 1665 e
1030 1623 1099 1682 pry-

93 1700 181 1752 taneo
212 1725 248 1734 -
278 1691 318 1749 ita
344 1696 465 1748 vocator
492 1687 575 1747 locus
602 1722 645 1733 —
673 1705 763 1766 saepe
793 1690 950 1768 profugum
974 1691 1098 1749 vinxere

92 1774 221 1855 plumbo.
256 1772 366 1834 Eadem
380 1775 410 1832 in
427 1772 500 1832 urbe
519 1773 600 1831 iuxta
617 1780 729 1850 portam
748 1789 823 1851 quae
838 1772 961 1833 Thracia
976 1781 1098 1832 vocatur

94 1867 191 1920 turres
207 1866 321 1937 septem
337 1864 472 1935 acceptas
491 1873 582 1915 voces
598 1873 753 1915 numeroso
769 1873 946 1935 repercussu
962 1855 1098 1933 multipli-

58 1953 169 2004 nocant.
225 1960 331 2003 nomen
357 1940 424 2001 hnic
452 1938 592 2000 miraculo
621 1938 702 1999 Echo
732 1948 778 2000 est
805 1960 822 2002 a
850 1938 969 2000 Graecis
991 1938 1095 1998 datum.

94 2035 124 2086 et
139 2024 195 2085 hoc
211 2026 327 2104 quidem
342 2025 474 2086 locorum
490 2033 590 2084 natura
613 2026 711 2083 evenit
725 2042 759 2084 ac
775 2025 946 2104 plerumque
962 2022 1078 2084 conval·
1089 2035 1141 2086 100

93 2110 178 2185 lium,
194 2110 235 2168 ibi
253 2127 322 2168 casu
334 2108 454 2185 accidit,
474 2107 626 2186 Olympiae
646 2116 742 2169 antem
757 2119 837 2187 arte,
860 2109 984 2169 mirabili
999 2107 1098 2183 modo,

93 2193 124 2250 in
143 2186 362 2268 porticu'quam
383 2192 421 2251 ob
440 2192 470 2251 id
488 2192 698 2270 heptaphonon
713 2194 879 2273 appellant,
902 2194 1036 2273 quoniam
1052 2210 1099 2251 se·

94 2275 191 2352 ptiens
214 2273 317 2333 eadem
340 2292 399 2333 vox
421 2274 559 2336 redditur.
600 2275 699 2352 Cyzici
720 2286 750 2337 et
772 2279 968 2337 buleuterium
991 2283 1098 2336 vocant

58 2357 256 2418 maedilicium
273 2357 395 2436 amplum
415 2359 478 2419 sine
495 2360 596 2421 lerreo
620 2360 720 2435 clavo,
738 2362 777 2419 ita
791 2359 934 2438 disposita
949 2362 1098 2436 contigna-

94 2444 175 2502 tione
191 2450 222 2503 ut
237 2444 400 2502 eximantur
416 2443 517 2504 trahes
533 2445 598 2502 sine
615 2444 729 2502 fulturis
751 2462 785 2504 ac
802 2449 997 2521 reponantur,
1019 2441 1098 2518 quod

93 2528 163 2586 item
181 2526 293 2586 Rornae
315 2527 345 2585 in
363 2535 454 2604 ponte
478 2525 602 2586 sublicio
625 2526 794 2601 religiosum
822 2534 884 2602 est,
908 2532 1098 2603 posteaquam

95 2607 210 2670 Coclite
224 2609 347 2671 Horatio
363 2609 540 2670 defendente
558 2627 648 2686 aegre
667 2609 801 2668 revolsus
820 2617 874 2669 est.

158 2693 240 2772 (24.)
261 2692 371 2753 Verum
386 2701 416 2753 et
431 2693 466 2754 ad
482 2692 562 2752 urbis
578 2701 696 2753 nostrae
711 2691 848 2751 miracola
864 2692 990 2751 transire
1008 2703 1136 2755 con-101

57 2779 191 2839 acreniat
211 2773 373 2854 DCGCquc
395 2794 534 2836 annorum
553 2775 656 2836 docilis
680 2777 803 2835 serutari
821 2777 892 2835 viris
917 2784 948 2835 et
968 2776 1011 2835 sic
1026 2792 1098 2852 qno-

94 2881 151 2942 que
164 2871 306 2923 terrarum
322 2860 424 2921 orbem
435 2861 544 2920 victum
557 2858 726 2935 ostendere,
739 2859 817 2936 quod
829 2860 970 2920 accidisse
987 2861 1096 2919 totiens

92 2965 189 3026 paene
201 2946 279 3025 quod
294 2946 463 3006 referentur
475 2943 622 3020 miracula,
638 2942 801 3021 adparebit,
816 2944 1007 3004 universitate
1023 2958 1096 3002 vero

93 3038 229 3091 acervata
251 3037 282 3090 et
311 3031 342 3089 in
371 3027 514 3106 quendam
543 3046 627 3086 nnnm
655 3027 796 3087 cumulum
821 3029 936 3088 coiecta
960 3044 1019 3086 non
1040 3024 1097 3083 alia

94 3113 260 3189 magnitudo
282 3120 425 3191 exsurget
447 3113 576 3191 quamsi
599 3110 719 3171 mundus
745 3112 817 3172 alius
841 3110 955 3189 quidam
983 3111 1012 3167 in
1038 3124 1096 3167 noo

58 3212 84 3255 as
94 3195 162 3255 loco
177 3203 319 3259 narretur.
365 3197 409 3278 [1]
432 3195 493 3269 Ne,
518 3206 548 3256 ut
562 3197 669 3256 circum
684 3213 844 3255 maxumum
858 3212 875 3253 a
890 3190 1019 3253 Caesare
1035 3189 1075 3251 di·
1089 3201 1140 3255 102

94 3287 208 3340 ctatore
226 3288 404 3342 exstructum
424 3279 606 3359 longitudine
628 3278 787 3338 stadiorum
816 3279 918 3354 trium,
945 3274 1096 3336 latitudine

94 3365 196 3439 unius,
212 3363 266 3423 sed
282 3381 345 3423 cnm
360 3363 499 3424 aediliciis
512 3365 644 3438 iugerum
657 3371 844 3441 quaternum,
859 3361 895 3422 ad
910 3361 1010 3423 sedem
1025 3360 1097 3428 561]

94 3447 173 3508 inter
187 3464 290 3524 magna
312 3462 404 3524 opera
426 3446 570 3521 dicamus,
596 3462 654 3505 non
678 3449 756 3507 inter
778 3447 930 3526 magnilica
947 3446 1105 3519 basilicam
