2378 3840
150 199 208 263 130
447 199 449 201 ’
493 209 523 258 c.
540 211 635 258 romu
649 209 799 259 sucorum

149 364 257 426 Caesar
273 366 397 426 dictator
412 363 581 443 Pompeium
596 365 678 441 vicit,
693 366 891 443 reperiuntur,
907 365 996 444 idque
1012 368 1152 445 quotiens

108 462 155 516 135
166 451 304 530 fregeris.
347 449 419 509 Sunt
447 458 477 509 ct
500 450 575 526 nigri
598 467 720 527 quorum
743 451 899 509 auctoritas
923 452 1054 510 venitin
1077 469 1151 513 mar·

146 553 237 611 mora,
251 536 325 594 siout
338 532 506 593 Taenarius.
530 531 625 592 Varro
637 534 739 610 nigros
755 551 793 592 ex
805 533 905 593 Africa
920 534 1064 595 firmiores
1081 555 1151 597 esse

147 618 233 677 tradit
255 636 338 696 quam
354 616 491 693 initalia,
508 615 654 676 ediverso
672 615 755 677 albos
772 615 905 678 Coranos
917 617 1051 680 duriores
1066 637 1151 697 quarn

146 701 259 763 Parios.
296 701 372 760 idem
390 700 565 760 Luniensem
582 700 694 760 silicem
715 720 798 762 serra
823 705 933 778 secari,
958 701 1174 763 Tusculanum

147 784 274 845 dissilire
298 786 376 862 igni,
405 784 541 844 Sabinum
565 784 676 843 fuscum
704 784 801 844 addito
826 785 895 846 oleo
923 786 1010 845 etiam
1035 787 1150 865 lucere,

146 868 222 928 idem
239 867 331 927 molas
354 867 502 928 versatilis
521 866 663 927 Volsiniis
686 869 837 946 inventas,
861 869 971 948 aliquas
990 878 1020 930 et
1041 879 1150 949 sponte

146 959 240 1012 motas
257 952 419 1011 invenimus
435 953 464 1011 in
478 951 629 1030 prodigiis.

104 1047 154 1103 136
229 1035 312 1114 (30.)
336 1033 482 1112 Nusquam
502 1035 549 1094 hic
571 1036 671 1096 utilior
692 1053 776 1115 quam
791 1037 821 1097 in
836 1035 919 1098 ltalia
938 1039 1085 1115 gignitur,
1110 1037 1151 1098 la·

147 1121 252 1196 pisque
268 1137 326 1178 non
344 1136 443 1178 saxum
456 1127 510 1178 est.
534 1121 564 1178 in
579 1120 749 1196 quibusdam
762 1138 835 1181 vero
850 1123 1011 1200 provinciis
1032 1123 1186 1183 omninum

146 1219 204 1261 non
222 1203 376 1261 invenitur.
412 1201 484 1260 Sunt
508 1202 621 1278 quidam
641 1203 671 1263 in
692 1221 729 1263 eo
752 1222 864 1280 genere
886 1205 1037 1265 molliores
1053 1207 1101 1282 qni
1119 1215 1151 1264 et

145 1293 213 1345 cote
234 1285 368 1345 levantur
389 1293 420 1343 ut
438 1284 543 1363 procul
565 1286 744 1346 intuentibus
785 1286 902 1364 ophites
926 1284 1017 1343 videri
1040 1286 1147 1360 possit,

146 1387 241 1447 neque
265 1377 312 1429 est
333 1368 406 1428 alius
429 1369 557 1446 firmior,
580 1369 693 1448 quando
719 1378 748 1430 et
769 1370 873 1449 lapidis
896 1380 995 1430 natura
1012 1369 1093 1447 ligno
1111 1373 1150 1430 si·

146 1454 254 1514 militer
275 1452 375 1512 imbris
397 1452 537 1531 solesque
558 1461 606 1512 aut
629 1454 740 1515 hiemes
765 1472 823 1514 non
844 1456 952 1534 patitur
969 1455 999 1514 in
1015 1452 1078 1514 aliis
1096 1472 1149 1530 ge·

146 1538 265 1598 neribus
289 1545 377 1614 atque
397 1537 473 1597 aliis.
519 1545 585 1596 sunt
613 1546 643 1597 et
674 1541 721 1616 qui
749 1537 843 1598 lunam
878 1557 936 1598 non
963 1539 1092 1598 tolerent
1118 1547 1185 1599 etto

146 1624 193 1700 qni
217 1629 365 1680 vetustate
387 1620 552 1696 robiginem
582 1621 693 1682 trahant
715 1621 884 1684 coloremve
907 1621 1056 1682 candidum
1078 1622 1148 1683 oleo

144 1713 266 1766 mutent.

5 1856 7 1861 g
106 1800 152 1856 137
230 1790 276 1851 19.
296 1786 436 1849 llolarem
452 1789 565 1868 quidam
581 1792 698 1868 pyriten
711 1799 833 1867 vocant,
849 1791 983 1869 quoniam
1000 1790 1149 1868 plurumos

145 1875 183 1933 sit
198 1874 274 1952 ignis
289 1871 344 1949 illi,
359 1872 411 1932 sed
428 1882 474 1932 est
489 1872 562 1933 alius
576 1874 773 1951 spongeosior
789 1882 897 1934 tantum
912 1883 942 1935 ct
959 1874 1031 1934 alius
1049 1876 1150 1933 etiam-

145 1975 210 2017 num
227 1956 340 2035 pyrites
357 1956 544 2017 similitudine
560 1958 646 2017 aeris.
671 1958 701 2015 in
714 1955 813 2036 Cypro
829 1976 893 2017 cum
906 1959 1031 2037 reperiri
1047 1956 1186 2018 voluntao

144 2041 269 2100 metallis
298 2056 371 2114 quae
397 2047 463 2097 sunt
489 2040 565 2100 circa
580 2040 753 2119 Acamanta,
775 2060 861 2101 unum
877 2051 1018 2120 argenteo
1033 2040 1150 2118 colore,

146 2123 268 2183 alterum
289 2139 388 2182 aureo.
420 2133 562 2184 cocuntur
581 2126 681 2203 varia,
702 2126 738 2186 ab
760 2125 824 2186 aliis
846 2126 951 2186 iterum
972 2127 1150 2202 tertiumque

145 2208 175 2266 in
194 2205 299 2283 melle,
323 2205 418 2266 donec
442 2217 627 2269 consumatur
652 2209 766 2288 liquor,
792 2211 828 2271 ab
850 2210 914 2270 aliis
942 2227 1033 2288 pruna
1054 2211 1150 2287 prius,

144 2290 211 2350 dein
225 2290 257 2350 in
274 2289 379 2368 melle,
395 2308 429 2350 ac
442 2299 548 2370 postea
562 2292 695 2353 lavantur
708 2303 739 2354 ut
754 2313 813 2355 aes.
843 2312 912 2353 usus
928 2311 1030 2354 eorum
1044 2294 1073 2351 in
1088 2310 1151 2352 me·

145 2374 238 2434 dicina
260 2373 460 2453 excalfacero,
482 2377 611 2454 siccare,
639 2376 804 2452 discutere,
824 2384 1003 2450 extenuare,
1025 2375 1184 2441 duritiasau

144 2459 173 2517 in
186 2476 241 2536 pus
259 2467 384 2519 vertere.
415 2467 533 2520 utuntur
544 2469 574 2520 et
589 2460 684 2520 crudis
701 2461 852 2535 tunsisque
867 2458 901 2516 ad
920 2465 1043 2517 strumas
1058 2465 1150 2536 atque

105 2552 153 2608 138
164 2541 341 2603 furunculos.
372 2541 534 2619 Pyritorum
550 2545 702 2604 etiamnum
714 2558 799 2600 unum
814 2557 907 2617 genus
924 2539 1011 2617 aliqui
1026 2540 1150 2622 iaciunt,

145 2625 306 2705 plurumum
327 2627 404 2703 ignis
425 2624 534 2687 habent
551 2628 571 2685 ii
592 2643 666 2703 quos
682 2625 766 2683 vivos
782 2623 980 2703 appellamus,
998 2623 1150 2703 pondero-

145 2710 251 2768 sissimi
273 2718 338 2768 sunt
359 2710 397 2786 ii,
420 2707 657 2788 exploratoribus
674 2716 835 2768 castrorum
857 2726 988 2770 maxume
1008 2726 1149 2770 neccssa-

144 2791 198 2867 rii,
226 2792 273 2868 qni
297 2790 380 2851 clavo
405 2791 453 2851 vel
476 2791 569 2852 altero
591 2791 688 2869 lapide
712 2794 845 2870 percussi
867 2791 1021 2853 scintillam
1045 2791 1183 2871 edunt‚so

144 2891 217 2952 qnae
231 2882 355 2951 excepta
368 2873 487 2953 sulpure
498 2883 547 2934 aut
558 2874 654 2952 lungis'
666 2876 754 2937 aridis
767 2876 815 2937 vel
826 2876 906 2938 foliis
922 2876 1000 2936 dicto
1017 2875 1147 2937 celerius

143 2956 267 3036 praebet
284 2958 391 3034 ignem.

102 3053 151 3109 139
226 3041 308 3119 (31.)
321 3039 483 3102 Ostracitac
496 3042 709 3104 similitudinem
720 3051 814 3105 testae
826 3045 943 3105 hahent.
961 3061 1030 3102 usus
1043 3060 1147 3103 corum

144 3144 198 3205 pro
220 3125 334 3205 pumice
355 3124 390 3184 ad
413 3125 562 3187 levandam
578 3135 681 3188 cutem.
717 3128 780 3207 poti
797 3130 966 3206 sanguinem
987 3128 1093 3186 sistunt
1114 3136 1147 3188 ot

143 3211 224 3270 inlita
237 3228 300 3270 oum
311 3208 399 3270 melle
413 3208 512 3270 ulcera
523 3211 702 3290 doloresque
710 3229 890 3272 mammarum
902 3219 1012 3273 sanant.
1029 3208 1148 3270 Amian—
1157 3227 1183 3268 nn

144 3304 191 3353 tus
208 3293 323 3353 alumini
339 3293 441 3354 similis
457 3294 527 3355 nihil
543 3296 602 3373 igni
618 3297 762 3375 deperdit.
798 3296 844 3356 hic
861 3295 1010 3356 veneficiis
1030 3295 1147 3356 resistit

136 3378 289 3456 omnibus,
303 3378 440 3458 privatim
453 3377 611 3457 Magorum.
1048 3412 1050 3417 v

69 3468 132 3518 140
207 3461 296 3545 (32.)
325 3462 450 3528 Geoden
474 3484 512 3530 ex
535 3473 707 3548 argumento
729 3463 896 3546 appellant,
917 3462 1053 3542 quoniam
1075 3479 1147 3526 con·
