<?xml version="1.0" encoding="UTF-8"?>
<!DOCTYPE html PUBLIC "-//W3C//DTD XHTML 1.0 Transitional//EN"
    "http://www.w3.org/TR/xhtml1/DTD/xhtml1-transitional.dtd">
<html xmlns="http://www.w3.org/1999/xhtml" xml:lang="en" lang="en">
 <head>
  <title>
</title>
<meta http-equiv="Content-Type" content="text/html;charset=utf-8" />
  <meta name='ocr-system' content='tesseract 3.04.00' />
  <meta name='ocr-capabilities' content='ocr_page ocr_carea ocr_par ocr_line ocrx_word'/>
</head>
<body>
  <div class='ocr_page' id='page_1' title='image "./cplinisecundina05plingoog_0170.png"; bbox 0 0 2378 3840; ppageno 0'>
   <div class='ocr_carea' id='block_1_1' title="bbox 303 186 1129 265">
    <p class='ocr_par' dir='ltr' id='par_1_1' title="bbox 303 186 1129 265">
     <span class='ocr_line' id='line_1_1' title="bbox 303 186 1129 265; baseline 0.002 -17"><span class='ocrx_word' id='word_1_1' title='bbox 303 199 385 248; x_wconf 76' lang='lat' dir='ltr'><strong>unu.</strong></span> <span class='ocrx_word' id='word_1_2' title='bbox 408 197 717 248; x_wconf 75' lang='lat' dir='ltr'><strong>mumxxxrunuo.</strong></span> <span class='ocrx_word' id='word_1_3' title='bbox 739 198 781 249; x_wconf 89' lang='lat'><strong>11.</strong></span> <span class='ocrx_word' id='word_1_4' title='bbox 805 186 955 265; x_wconf 77' lang='lat' dir='ltr'><strong>(aa—26.)</strong></span> <span class='ocrx_word' id='word_1_5' title='bbox 1090 189 1129 250; x_wconf 83' lang='grc'><strong>53</strong></span> 
     </span>
    </p>
   </div>
   <div class='ocr_carea' id='block_1_2' title="bbox 90 340 1173 3525">
    <p class='ocr_par' dir='ltr' id='par_1_2' title="bbox 90 340 1173 3525">
     <span class='ocr_line' id='line_1_2' title="bbox 133 340 1129 429; baseline 0.002 -16"><span class='ocrx_word' id='word_1_6' title='bbox 133 340 234 414; x_wconf 83' lang='lat' dir='ltr'><strong>bridre</strong></span> <span class='ocrx_word' id='word_1_7' title='bbox 256 355 439 413; x_wconf 89' lang='lat' dir='ltr'><strong>excutiuntur</strong></span> <span class='ocrx_word' id='word_1_8' title='bbox 454 352 544 411; x_wconf 85' lang='lat' dir='ltr'><strong>veluti</strong></span> <span class='ocrx_word' id='word_1_9' title='bbox 566 351 635 410; x_wconf 92' lang='lat' dir='ltr'><strong>milli</strong></span> <span class='ocrx_word' id='word_1_10' title='bbox 652 369 787 429; x_wconf 83' lang='lat' dir='ltr'><strong>squamae</strong></span> <span class='ocrx_word' id='word_1_11' title='bbox 809 370 878 429; x_wconf 89' lang='lat' dir='ltr'><strong>quas</strong></span> <span class='ocrx_word' id='word_1_12' title='bbox 897 361 1001 411; x_wconf 87' lang='lat' dir='ltr'><strong>vocant</strong></span> <span class='ocrx_word' id='word_1_13' title='bbox 1020 354 1129 415; x_wconf 86' lang='lat' dir='ltr'><strong>liorem.</strong></span> 
     </span>
     <span class='ocr_line' id='line_1_3' title="bbox 134 435 1130 514; baseline 0.002 -18"><span class='ocrx_word' id='word_1_14' title='bbox 134 437 237 496; x_wconf 92' lang='lat' dir='ltr'><strong>cadunt</strong></span> <span class='ocrx_word' id='word_1_15' title='bbox 248 445 352 514; x_wconf 90' lang='lat' dir='ltr'><strong>autern,</strong></span> <span class='ocrx_word' id='word_1_16' title='bbox 369 454 433 496; x_wconf 92' lang='lat' dir='ltr'><strong>cum</strong></span> <span class='ocrx_word' id='word_1_17' title='bbox 444 453 535 513; x_wconf 90' lang='lat' dir='ltr'><strong>panes</strong></span> <span class='ocrx_word' id='word_1_18' title='bbox 551 436 627 494; x_wconf 89' lang='lat' dir='ltr'><strong>aeris</strong></span> <span class='ocrx_word' id='word_1_19' title='bbox 644 454 716 512; x_wconf 90' lang='lat' dir='ltr'><strong>aqua</strong></span> <span class='ocrx_word' id='word_1_20' title='bbox 731 435 952 512; x_wconf 80' lang='lat' dir='ltr'><strong>refrigerantur,</strong></span> <span class='ocrx_word' id='word_1_21' title='bbox 968 437 1130 514; x_wconf 89' lang='lat' dir='ltr'><strong>rubentque</strong></span> 
     </span>
     <span class='ocr_line' id='line_1_4' title="bbox 134 518 1129 598; baseline -0.001 -18"><span class='ocrx_word' id='word_1_22' title='bbox 134 520 268 580; x_wconf 88' lang='lat' dir='ltr'><strong>similiter</strong></span> <span class='ocrx_word' id='word_1_23' title='bbox 284 537 419 598; x_wconf 85' lang='lat' dir='ltr'><strong>squamae</strong></span> <span class='ocrx_word' id='word_1_24' title='bbox 435 520 512 579; x_wconf 87' lang='lat' dir='ltr'><strong>aeris</strong></span> <span class='ocrx_word' id='word_1_25' title='bbox 529 535 611 597; x_wconf 86' lang='lat' dir='ltr'><strong>quam</strong></span> <span class='ocrx_word' id='word_1_26' title='bbox 629 528 733 578; x_wconf 89' lang='lat' dir='ltr'><strong>vocant</strong></span> <span class='ocrx_word' id='word_1_27' title='bbox 751 518 863 597; x_wconf 89' lang='lat' dir='ltr'><strong>lepida,</strong></span> <span class='ocrx_word' id='word_1_28' title='bbox 887 528 917 579; x_wconf 93' lang='lat' dir='ltr'><strong>et</strong></span> <span class='ocrx_word' id='word_1_29' title='bbox 931 521 972 579; x_wconf 93' lang='lat' dir='ltr'><strong>sic</strong></span> <span class='ocrx_word' id='word_1_30' title='bbox 987 519 1129 579; x_wconf 90' lang='lat' dir='ltr'><strong>adultera-</strong></span> 
     </span>
     <span class='ocr_line' id='line_1_5' title="bbox 134 601 1129 683; baseline 0.003 -22"><span class='ocrx_word' id='word_1_31' title='bbox 134 612 179 662; x_wconf 92' lang='lat' dir='ltr'><strong>tur</strong></span> <span class='ocrx_word' id='word_1_32' title='bbox 200 603 254 664; x_wconf 90' lang='lat' dir='ltr'><strong>llos</strong></span> <span class='ocrx_word' id='word_1_33' title='bbox 270 613 301 663; x_wconf 94' lang='lat' dir='ltr'><strong>ut</strong></span> <span class='ocrx_word' id='word_1_34' title='bbox 318 620 435 681; x_wconf 88' lang='lat' dir='ltr'><strong>squama</strong></span> <span class='ocrx_word' id='word_1_35' title='bbox 451 611 558 663; x_wconf 92' lang='lat' dir='ltr'><strong>veneat</strong></span> <span class='ocrx_word' id='word_1_36' title='bbox 574 620 629 680; x_wconf 96' lang='lat' dir='ltr'><strong>pro</strong></span> <span class='ocrx_word' id='word_1_37' title='bbox 647 620 692 662; x_wconf 93' lang='lat' dir='ltr'><strong>eo.</strong></span> <span class='ocrx_word' id='word_1_38' title='bbox 728 601 782 661; x_wconf 88' lang='lat' dir='ltr'><strong>Est</strong></span> <span class='ocrx_word' id='word_1_39' title='bbox 800 611 892 662; x_wconf 90' lang='lat' dir='ltr'><strong>autem</strong></span> <span class='ocrx_word' id='word_1_40' title='bbox 914 621 1031 683; x_wconf 88' lang='lat' dir='ltr'><strong>squama</strong></span> <span class='ocrx_word' id='word_1_41' title='bbox 1053 606 1129 664; x_wconf 90' lang='lat' dir='ltr'><strong>aeris</strong></span> 
     </span>
     <span class='ocr_line' id='line_1_6' title="bbox 111 686 1131 765; baseline 0.002 -20"><span class='ocrx_word' id='word_1_42' title='bbox 111 687 254 748; x_wconf 81' lang='lat' dir='ltr'><strong>adeoussa</strong></span> <span class='ocrx_word' id='word_1_43' title='bbox 272 689 302 748; x_wconf 87' lang='lat' dir='ltr'><strong>vi</strong></span> <span class='ocrx_word' id='word_1_44' title='bbox 318 687 408 749; x_wconf 87' lang='lat' dir='ltr'><strong>clavis</strong></span> <span class='ocrx_word' id='word_1_45' title='bbox 428 688 457 745; x_wconf 90' lang='lat' dir='ltr'><strong>io</strong></span> <span class='ocrx_word' id='word_1_46' title='bbox 474 704 548 765; x_wconf 93' lang='lat' dir='ltr'><strong>quos</strong></span> <span class='ocrx_word' id='word_1_47' title='bbox 565 704 656 765; x_wconf 91' lang='lat' dir='ltr'><strong>panes</strong></span> <span class='ocrx_word' id='word_1_48' title='bbox 678 688 758 746; x_wconf 90' lang='lat' dir='ltr'><strong>aerei</strong></span> <span class='ocrx_word' id='word_1_49' title='bbox 780 686 995 747; x_wconf 86' lang='lat' dir='ltr'><strong>feruminantur.</strong></span> <span class='ocrx_word' id='word_1_50' title='bbox 1030 690 1058 747; x_wconf 92' lang='lat' dir='ltr'><strong>in</strong></span> <span class='ocrx_word' id='word_1_51' title='bbox 1076 686 1131 765; x_wconf 72' lang='lat' dir='ltr'><strong>Gy-</strong></span> 
     </span>
     <span class='ocr_line' id='line_1_7' title="bbox 131 769 1130 850; baseline 0.003 -21"><span class='ocrx_word' id='word_1_52' title='bbox 131 773 174 847; x_wconf 91' lang='lat' dir='ltr'><strong>pri</strong></span> <span class='ocrx_word' id='word_1_53' title='bbox 190 789 321 831; x_wconf 85' lang='lat' dir='ltr'><strong>maxume</strong></span> <span class='ocrx_word' id='word_1_54' title='bbox 337 772 461 830; x_wconf 87' lang='lat' dir='ltr'><strong>officinis</strong></span> <span class='ocrx_word' id='word_1_55' title='bbox 477 772 579 830; x_wconf 89' lang='lat' dir='ltr'><strong>omnia.</strong></span> <span class='ocrx_word' id='word_1_56' title='bbox 606 769 770 829; x_wconf 81' lang='lat' dir='ltr'><strong>differentia</strong></span> <span class='ocrx_word' id='word_1_57' title='bbox 785 769 840 829; x_wconf 92' lang='lat' dir='ltr'><strong>hoc</strong></span> <span class='ocrx_word' id='word_1_58' title='bbox 857 779 902 830; x_wconf 91' lang='lat' dir='ltr'><strong>est</strong></span> <span class='ocrx_word' id='word_1_59' title='bbox 919 771 994 848; x_wconf 92' lang='lat' dir='ltr'><strong>quod</strong></span> <span class='ocrx_word' id='word_1_60' title='bbox 1013 790 1130 850; x_wconf 87' lang='lat' dir='ltr'><strong>squama</strong></span> 
     </span>
     <span class='ocr_line' id='line_1_8' title="bbox 130 852 925 932; baseline 0.001 -20"><span class='ocrx_word' id='word_1_61' title='bbox 130 856 276 913; x_wconf 74' lang='lat' dir='ltr'><strong>excutitur</strong></span> <span class='ocrx_word' id='word_1_62' title='bbox 293 857 352 915; x_wconf 87' lang='lat' dir='ltr'><strong>ictu</strong></span> <span class='ocrx_word' id='word_1_63' title='bbox 370 853 473 913; x_wconf 91' lang='lat' dir='ltr'><strong>iisdem</strong></span> <span class='ocrx_word' id='word_1_64' title='bbox 489 855 629 932; x_wconf 91' lang='lat' dir='ltr'><strong>panibus,</strong></span> <span class='ocrx_word' id='word_1_65' title='bbox 648 854 702 913; x_wconf 89' lang='lat' dir='ltr'><strong>llos</strong></span> <span class='ocrx_word' id='word_1_66' title='bbox 720 852 795 911; x_wconf 89' lang='lat' dir='ltr'><strong>cadit</strong></span> <span class='ocrx_word' id='word_1_67' title='bbox 811 863 925 930; x_wconf 91' lang='lat' dir='ltr'><strong>sponte.</strong></span> 
     </span>
     <span class='ocr_line' id='line_1_9' title="bbox 193 935 1173 1014; baseline 0.002 -19"><span class='ocrx_word' id='word_1_68' title='bbox 193 938 276 1014; x_wconf 79' lang='lat'>(25.)</span> <span class='ocrx_word' id='word_1_69' title='bbox 305 938 446 1014; x_wconf 92' lang='lat' dir='ltr'><strong>Squamae</strong></span> <span class='ocrx_word' id='word_1_70' title='bbox 463 945 509 996; x_wconf 90' lang='lat' dir='ltr'><strong>est</strong></span> <span class='ocrx_word' id='word_1_71' title='bbox 524 937 645 996; x_wconf 92' lang='lat' dir='ltr'><strong>alterum</strong></span> <span class='ocrx_word' id='word_1_72' title='bbox 661 954 753 1012; x_wconf 90' lang='lat' dir='ltr'><strong>genus</strong></span> <span class='ocrx_word' id='word_1_73' title='bbox 773 935 927 1013; x_wconf 90' lang='lat' dir='ltr'><strong>suptilius,</strong></span> <span class='ocrx_word' id='word_1_74' title='bbox 949 956 987 997; x_wconf 91' lang='lat' dir='ltr'><strong>ex</strong></span> <span class='ocrx_word' id='word_1_75' title='bbox 1003 956 1110 997; x_wconf 90' lang='lat' dir='ltr'><strong>summa</strong></span> <span class='ocrx_word' id='word_1_76' title='bbox 1121 949 1173 1003; x_wconf 82' lang='lat'><strong>108</strong></span> 
     </span>
     <span class='ocr_line' id='line_1_10' title="bbox 131 1017 1130 1097; baseline 0.004 -21"><span class='ocrx_word' id='word_1_77' title='bbox 131 1019 243 1077; x_wconf 90' lang='lat' dir='ltr'><strong>scilicet</strong></span> <span class='ocrx_word' id='word_1_78' title='bbox 253 1020 390 1097; x_wconf 82' lang='lat' dir='ltr'><strong>lanugine</strong></span> <span class='ocrx_word' id='word_1_79' title='bbox 399 1017 562 1095; x_wconf 88' lang='lat' dir='ltr'><strong>decussum,</strong></span> <span class='ocrx_word' id='word_1_80' title='bbox 575 1019 652 1097; x_wconf 95' lang='lat' dir='ltr'><strong>quod</strong></span> <span class='ocrx_word' id='word_1_81' title='bbox 664 1026 770 1078; x_wconf 89' lang='lat' dir='ltr'><strong>vocant</strong></span> <span class='ocrx_word' id='word_1_82' title='bbox 779 1028 929 1078; x_wconf 78' lang='lat' dir='ltr'><strong>stomoma.</strong></span> <span class='ocrx_word' id='word_1_83' title='bbox 947 1021 1045 1096; x_wconf 84' lang='lat' dir='ltr'><strong>Atque</strong></span> <span class='ocrx_word' id='word_1_84' title='bbox 1057 1021 1130 1081; x_wconf 87' lang='lat' dir='ltr'><strong>haec</strong></span> 
     </span>
     <span class='ocr_line' id='line_1_11' title="bbox 97 1101 1128 1182; baseline 0 -20"><span class='ocrx_word' id='word_1_85' title='bbox 97 1121 122 1162; x_wconf 81' lang='lat' dir='ltr'><strong>ao</strong></span> <span class='ocrx_word' id='word_1_86' title='bbox 132 1103 226 1160; x_wconf 90' lang='lat' dir='ltr'><strong>omnia</strong></span> <span class='ocrx_word' id='word_1_87' title='bbox 238 1101 340 1162; x_wconf 91' lang='lat' dir='ltr'><strong>medici</strong></span> <span class='ocrx_word' id='word_1_88' title='bbox 358 1137 401 1145; x_wconf 93' lang='lat'><strong>—</strong></span> <span class='ocrx_word' id='word_1_89' title='bbox 413 1101 490 1179; x_wconf 94' lang='lat' dir='ltr'><strong>quod</strong></span> <span class='ocrx_word' id='word_1_90' title='bbox 502 1120 574 1181; x_wconf 90' lang='lat' dir='ltr'><strong>pace</strong></span> <span class='ocrx_word' id='word_1_91' title='bbox 587 1119 687 1162; x_wconf 91' lang='lat' dir='ltr'><strong>eorum</strong></span> <span class='ocrx_word' id='word_1_92' title='bbox 703 1101 813 1162; x_wconf 84' lang='lat' dir='ltr'><strong>dixisse</strong></span> <span class='ocrx_word' id='word_1_93' title='bbox 825 1102 912 1163; x_wconf 91' lang='lat' dir='ltr'><strong>liceat</strong></span> <span class='ocrx_word' id='word_1_94' title='bbox 924 1137 965 1146; x_wconf 90' lang='lat'><em>—</em></span> <span class='ocrx_word' id='word_1_95' title='bbox 982 1105 1128 1182; x_wconf 84' lang='lat' dir='ltr'><strong>ignorant,</strong></span> 
     </span>
     <span class='ocr_line' id='line_1_12' title="bbox 131 1187 1129 1262; baseline 0.004 -18"><span class='ocrx_word' id='word_1_96' title='bbox 131 1202 198 1262; x_wconf 89' lang='lat' dir='ltr'><strong>pars</strong></span> <span class='ocrx_word' id='word_1_97' title='bbox 210 1187 301 1245; x_wconf 91' lang='lat' dir='ltr'><strong>maior</strong></span> <span class='ocrx_word' id='word_1_98' title='bbox 320 1195 349 1246; x_wconf 89' lang='lat' dir='ltr'><strong>et</strong></span> <span class='ocrx_word' id='word_1_99' title='bbox 361 1187 533 1246; x_wconf 90' lang='lat' dir='ltr'><strong>nominibus.</strong></span> <span class='ocrx_word' id='word_1_100' title='bbox 560 1188 589 1245; x_wconf 92' lang='lat' dir='ltr'><strong>in</strong></span> <span class='ocrx_word' id='word_1_101' title='bbox 606 1195 741 1245; x_wconf 89' lang='lat' dir='ltr'><strong>tantuma</strong></span> <span class='ocrx_word' id='word_1_102' title='bbox 756 1187 943 1246; x_wconf 83' lang='lat' dir='ltr'><strong>conficiendis</strong></span> <span class='ocrx_word' id='word_1_103' title='bbox 958 1188 994 1246; x_wconf 93' lang='lat' dir='ltr'><strong>iis</strong></span> <span class='ocrx_word' id='word_1_104' title='bbox 1006 1187 1129 1249; x_wconf 86' lang='lat' dir='ltr'><strong>medica·</strong></span> 
     </span>
     <span class='ocr_line' id='line_1_13' title="bbox 130 1269 1130 1350; baseline 0.005 -23"><span class='ocrx_word' id='word_1_105' title='bbox 130 1269 253 1329; x_wconf 93' lang='lat' dir='ltr'><strong>minibus</strong></span> <span class='ocrx_word' id='word_1_106' title='bbox 263 1270 378 1348; x_wconf 86' lang='lat' dir='ltr'><strong>absunt,</strong></span> <span class='ocrx_word' id='word_1_107' title='bbox 397 1270 474 1350; x_wconf 94' lang='lat' dir='ltr'><strong>quod</strong></span> <span class='ocrx_word' id='word_1_108' title='bbox 488 1289 556 1330; x_wconf 89' lang='lat' dir='ltr'><strong>esse</strong></span> <span class='ocrx_word' id='word_1_109' title='bbox 569 1272 717 1349; x_wconf 89' lang='lat' dir='ltr'><strong>proprium</strong></span> <span class='ocrx_word' id='word_1_110' title='bbox 731 1270 891 1331; x_wconf 81' lang='lat' dir='ltr'><strong>medicinae</strong></span> <span class='ocrx_word' id='word_1_111' title='bbox 908 1271 1033 1331; x_wconf 78' lang='lat' dir='ltr'><strong>solebat.</strong></span> <span class='ocrx_word' id='word_1_112' title='bbox 1056 1291 1130 1332; x_wconf 90' lang='lat' dir='ltr'><strong>nunc</strong></span> 
     </span>
     <span class='ocr_line' id='line_1_14' title="bbox 131 1353 1128 1432; baseline 0.004 -21"><span class='ocrx_word' id='word_1_113' title='bbox 131 1355 266 1429; x_wconf 79' lang='lat' dir='ltr'><strong>quotIens</strong></span> <span class='ocrx_word' id='word_1_114' title='bbox 275 1354 404 1415; x_wconf 87' lang='lat' dir='ltr'><strong>incidere</strong></span> <span class='ocrx_word' id='word_1_115' title='bbox 416 1356 445 1412; x_wconf 91' lang='lat' dir='ltr'><strong>in</strong></span> <span class='ocrx_word' id='word_1_116' title='bbox 457 1353 763 1431; x_wconf 86' lang='lat' dir='ltr'><strong>libellos,conponere</strong></span> <span class='ocrx_word' id='word_1_117' title='bbox 775 1373 812 1413; x_wconf 88' lang='lat' dir='ltr'><strong>cx</strong></span> <span class='ocrx_word' id='word_1_118' title='bbox 821 1355 866 1413; x_wconf 93' lang='lat' dir='ltr'><strong>his</strong></span> <span class='ocrx_word' id='word_1_119' title='bbox 875 1355 1010 1415; x_wconf 85' lang='lat' dir='ltr'><strong>volentes</strong></span> <span class='ocrx_word' id='word_1_120' title='bbox 1022 1355 1128 1432; x_wconf 89' lang='lat' dir='ltr'><strong>aliqua,</strong></span> 
     </span>
     <span class='ocr_line' id='line_1_15' title="bbox 130 1435 1129 1515; baseline 0.002 -21"><span class='ocrx_word' id='word_1_121' title='bbox 130 1435 186 1495; x_wconf 90' lang='lat' dir='ltr'><strong>hoc</strong></span> <span class='ocrx_word' id='word_1_122' title='bbox 205 1446 251 1495; x_wconf 90' lang='lat' dir='ltr'><strong>est</strong></span> <span class='ocrx_word' id='word_1_123' title='bbox 266 1439 404 1514; x_wconf 91' lang='lat' dir='ltr'><strong>inpendio</strong></span> <span class='ocrx_word' id='word_1_124' title='bbox 421 1439 592 1497; x_wconf 92' lang='lat' dir='ltr'><strong>miserorum</strong></span> <span class='ocrx_word' id='word_1_125' title='bbox 616 1439 745 1515; x_wconf 83' lang='lat' dir='ltr'><strong>experiri</strong></span> <span class='ocrx_word' id='word_1_126' title='bbox 763 1440 983 1513; x_wconf 89' lang='lat' dir='ltr'><strong>commentaria,</strong></span> <span class='ocrx_word' id='word_1_127' title='bbox 1008 1439 1129 1496; x_wconf 89' lang='lat' dir='ltr'><strong>credunt</strong></span> 
     </span>
     <span class='ocr_line' id='line_1_16' title="bbox 96 1516 1128 1597; baseline -0.001 -18"><span class='ocrx_word' id='word_1_128' title='bbox 96 1537 120 1579; x_wconf 83' lang='lat' dir='ltr'><strong>as</strong></span> <span class='ocrx_word' id='word_1_129' title='bbox 131 1516 281 1595; x_wconf 88' lang='lat' dir='ltr'><strong>Seplasiae</strong></span> <span class='ocrx_word' id='word_1_130' title='bbox 306 1523 400 1579; x_wconf 87' lang='lat' dir='ltr'><strong>onmia</strong></span> <span class='ocrx_word' id='word_1_131' title='bbox 421 1520 569 1579; x_wconf 87' lang='lat' dir='ltr'><strong>fraudibus</strong></span> <span class='ocrx_word' id='word_1_132' title='bbox 599 1522 805 1597; x_wconf 88' lang='lat' dir='ltr'><strong>corrumpenti.</strong></span> <span class='ocrx_word' id='word_1_133' title='bbox 842 1522 897 1578; x_wconf 87' lang='lat' dir='ltr'><strong>iam</strong></span> <span class='ocrx_word' id='word_1_134' title='bbox 920 1520 1035 1596; x_wconf 91' lang='lat' dir='ltr'><strong>quidem</strong></span> <span class='ocrx_word' id='word_1_135' title='bbox 1054 1520 1128 1579; x_wconf 90' lang='lat' dir='ltr'><strong>facta</strong></span> 
     </span>
     <span class='ocr_line' id='line_1_17' title="bbox 131 1601 1127 1680; baseline 0.002 -20"><span class='ocrx_word' id='word_1_136' title='bbox 131 1601 286 1680; x_wconf 87' lang='lat' dir='ltr'><strong>emplastra</strong></span> <span class='ocrx_word' id='word_1_137' title='bbox 303 1611 333 1661; x_wconf 89' lang='lat' dir='ltr'><strong>et</strong></span> <span class='ocrx_word' id='word_1_138' title='bbox 348 1603 470 1678; x_wconf 73' lang='lat' dir='ltr'><strong>collyria</strong></span> <span class='ocrx_word' id='word_1_139' title='bbox 486 1611 659 1678; x_wconf 89' lang='lat' dir='ltr'><strong>mercantur,</strong></span> <span class='ocrx_word' id='word_1_140' title='bbox 676 1603 817 1679; x_wconf 89' lang='lat' dir='ltr'><strong>tabesque</strong></span> <span class='ocrx_word' id='word_1_141' title='bbox 832 1604 970 1663; x_wconf 88' lang='lat' dir='ltr'><strong>mercium</strong></span> <span class='ocrx_word' id='word_1_142' title='bbox 988 1611 1036 1662; x_wconf 92' lang='lat' dir='ltr'><strong>aut</strong></span> <span class='ocrx_word' id='word_1_143' title='bbox 1049 1603 1127 1662; x_wconf 84' lang='lat' dir='ltr'><strong>fraus</strong></span> 
     </span>
     <span class='ocr_line' id='line_1_18' title="bbox 130 1684 1170 1763; baseline 0.007 -20"><span class='ocrx_word' id='word_1_144' title='bbox 130 1684 281 1763; x_wconf 88' lang='lat' dir='ltr'><strong>Seplasiae</strong></span> <span class='ocrx_word' id='word_1_145' title='bbox 300 1687 378 1745; x_wconf 90' lang='lat' dir='ltr'><strong>sicce</strong></span> <span class='ocrx_word' id='word_1_146' title='bbox 396 1684 526 1745; x_wconf 84' lang='lat' dir='ltr'><strong>taxetur!</strong></span> <span class='ocrx_word' id='word_1_147' title='bbox 555 1684 593 1744; x_wconf 86' lang='lat' dir='ltr'><strong>Et</strong></span> <span class='ocrx_word' id='word_1_148' title='bbox 609 1703 724 1762; x_wconf 87' lang='lat' dir='ltr'><strong>squama</strong></span> <span class='ocrx_word' id='word_1_149' title='bbox 745 1694 839 1745; x_wconf 91' lang='lat' dir='ltr'><strong>autem</strong></span> <span class='ocrx_word' id='word_1_150' title='bbox 864 1694 894 1745; x_wconf 91' lang='lat' dir='ltr'><strong>et</strong></span> <span class='ocrx_word' id='word_1_151' title='bbox 912 1686 966 1746; x_wconf 89' lang='lat' dir='ltr'><strong>llos</strong></span> <span class='ocrx_word' id='word_1_152' title='bbox 989 1696 1109 1746; x_wconf 88' lang='lat' dir='ltr'><strong>uruntur</strong></span> <span class='ocrx_word' id='word_1_153' title='bbox 1120 1698 1170 1752; x_wconf 86' lang='lat'><strong>109</strong></span> 
     </span>
     <span class='ocr_line' id='line_1_19' title="bbox 129 1768 1171 1848; baseline 0.004 -22"><span class='ocrx_word' id='word_1_154' title='bbox 129 1770 158 1826; x_wconf 95' lang='lat' dir='ltr'><strong>in</strong></span> <span class='ocrx_word' id='word_1_155' title='bbox 173 1771 278 1847; x_wconf 89' lang='lat' dir='ltr'><strong>patinis</strong></span> <span class='ocrx_word' id='word_1_156' title='bbox 294 1769 430 1830; x_wconf 88' lang='lat' dir='ltr'><strong>fictilibus</strong></span> <span class='ocrx_word' id='word_1_157' title='bbox 445 1779 493 1829; x_wconf 91' lang='lat' dir='ltr'><strong>aut</strong></span> <span class='ocrx_word' id='word_1_158' title='bbox 508 1771 614 1845; x_wconf 90' lang='lat' dir='ltr'><strong>aereis,</strong></span> <span class='ocrx_word' id='word_1_159' title='bbox 632 1769 698 1828; x_wconf 92' lang='lat' dir='ltr'><strong>dein</strong></span> <span class='ocrx_word' id='word_1_160' title='bbox 714 1768 845 1828; x_wconf 87' lang='lat' dir='ltr'><strong>lavantur</strong></span> <span class='ocrx_word' id='word_1_161' title='bbox 860 1779 889 1827; x_wconf 91' lang='lat' dir='ltr'><strong>ut</strong></span> <span class='ocrx_word' id='word_1_162' title='bbox 905 1788 990 1848; x_wconf 91' lang='lat' dir='ltr'><strong>supra</strong></span> <span class='ocrx_word' id='word_1_163' title='bbox 1010 1770 1044 1829; x_wconf 91' lang='lat' dir='ltr'><strong>ad</strong></span> <span class='ocrx_word' id='word_1_164' title='bbox 1061 1788 1171 1830; x_wconf 77' lang='lat' dir='ltr'><strong>eos-1⁰⁶</strong></span> 
     </span>
     <span class='ocr_line' id='line_1_20' title="bbox 130 1852 1128 1932; baseline 0.001 -20"><span class='ocrx_word' id='word_1_165' title='bbox 130 1852 194 1912; x_wconf 92' lang='lat' dir='ltr'><strong>dem</strong></span> <span class='ocrx_word' id='word_1_166' title='bbox 211 1872 298 1931; x_wconf 88' lang='lat' dir='ltr'><strong>usus,</strong></span> <span class='ocrx_word' id='word_1_167' title='bbox 320 1863 350 1914; x_wconf 90' lang='lat' dir='ltr'><strong>et</strong></span> <span class='ocrx_word' id='word_1_168' title='bbox 371 1853 492 1932; x_wconf 86' lang='lat' dir='ltr'><strong>amplius</strong></span> <span class='ocrx_word' id='word_1_169' title='bbox 515 1855 625 1913; x_wconf 92' lang='lat' dir='ltr'><strong>narium</strong></span> <span class='ocrx_word' id='word_1_170' title='bbox 638 1870 760 1912; x_wconf 89' lang='lat' dir='ltr'><strong>carnosa</strong></span> <span class='ocrx_word' id='word_1_171' title='bbox 779 1854 848 1912; x_wconf 90' lang='lat' dir='ltr'><strong>vitia</strong></span> <span class='ocrx_word' id='word_1_172' title='bbox 859 1897 868 1930; x_wconf 93' lang='lat'><strong>,</strong></span> <span class='ocrx_word' id='word_1_173' title='bbox 895 1855 963 1913; x_wconf 90' lang='lat' dir='ltr'><strong>item</strong></span> <span class='ocrx_word' id='word_1_174' title='bbox 978 1855 1074 1931; x_wconf 87' lang='lat' dir='ltr'><strong>sedis,</strong></span> <span class='ocrx_word' id='word_1_175' title='bbox 1098 1863 1128 1915; x_wconf 92' lang='lat' dir='ltr'><strong>et</strong></span> 
     </span>
     <span class='ocr_line' id='line_1_21' title="bbox 94 1936 1126 2017; baseline 0 -21"><span class='ocrx_word' id='word_1_176' title='bbox 94 1956 119 1997; x_wconf 86' lang='lat' dir='ltr'><strong>ao</strong></span> <span class='ocrx_word' id='word_1_177' title='bbox 128 1937 288 2013; x_wconf 84' lang='lat' dir='ltr'><strong>gravitates</strong></span> <span class='ocrx_word' id='word_1_178' title='bbox 311 1939 419 1998; x_wconf 89' lang='lat' dir='ltr'><strong>aurium</strong></span> <span class='ocrx_word' id='word_1_179' title='bbox 440 1957 495 2017; x_wconf 89' lang='lat' dir='ltr'><strong>per</strong></span> <span class='ocrx_word' id='word_1_180' title='bbox 511 1937 634 1998; x_wconf 88' lang='lat' dir='ltr'><strong>fistulam</strong></span> <span class='ocrx_word' id='word_1_181' title='bbox 655 1939 683 1996; x_wconf 93' lang='lat' dir='ltr'><strong>in</strong></span> <span class='ocrx_word' id='word_1_182' title='bbox 700 1956 750 1997; x_wconf 90' lang='lat' dir='ltr'><strong>eas</strong></span> <span class='ocrx_word' id='word_1_183' title='bbox 768 1936 835 1997; x_wconf 89' lang='lat' dir='ltr'><strong>llatu</strong></span> <span class='ocrx_word' id='word_1_184' title='bbox 851 1938 981 2015; x_wconf 90' lang='lat' dir='ltr'><strong>inpulsa,</strong></span> <span class='ocrx_word' id='word_1_185' title='bbox 1003 1946 1033 1998; x_wconf 92' lang='lat' dir='ltr'><strong>et</strong></span> <span class='ocrx_word' id='word_1_186' title='bbox 1056 1956 1126 1998; x_wconf 89' lang='lat' dir='ltr'><strong>uvas</strong></span> 
     </span>
     <span class='ocr_line' id='line_1_22' title="bbox 130 2020 1126 2100; baseline 0.001 -20"><span class='ocrx_word' id='word_1_187' title='bbox 130 2022 190 2080; x_wconf 91' lang='lat' dir='ltr'><strong>oris</strong></span> <span class='ocrx_word' id='word_1_188' title='bbox 204 2021 295 2082; x_wconf 88' lang='lat' dir='ltr'><strong>larina</strong></span> <span class='ocrx_word' id='word_1_189' title='bbox 312 2022 426 2082; x_wconf 91' lang='lat' dir='ltr'><strong>admota</strong></span> <span class='ocrx_word' id='word_1_190' title='bbox 438 2022 527 2100; x_wconf 90' lang='lat' dir='ltr'><strong>tollit,</strong></span> <span class='ocrx_word' id='word_1_191' title='bbox 544 2032 574 2082; x_wconf 89' lang='lat' dir='ltr'><strong>et</strong></span> <span class='ocrx_word' id='word_1_192' title='bbox 589 2020 722 2082; x_wconf 90' lang='lat' dir='ltr'><strong>tonsillas</strong></span> <span class='ocrx_word' id='word_1_193' title='bbox 738 2040 801 2082; x_wconf 91' lang='lat' dir='ltr'><strong>oum</strong></span> <span class='ocrx_word' id='word_1_194' title='bbox 819 2021 915 2082; x_wconf 90' lang='lat' dir='ltr'><strong>melle.</strong></span> <span class='ocrx_word' id='word_1_195' title='bbox 946 2022 992 2083; x_wconf 86' lang='lat' dir='ltr'><strong>Fit</strong></span> <span class='ocrx_word' id='word_1_196' title='bbox 1011 2041 1048 2081; x_wconf 86' lang='lat' dir='ltr'><strong>ex</strong></span> <span class='ocrx_word' id='word_1_197' title='bbox 1062 2040 1126 2082; x_wconf 88' lang='lat' dir='ltr'><strong>can-</strong></span> 
     </span>
     <span class='ocr_line' id='line_1_23' title="bbox 129 2104 1125 2185; baseline 0.003 -23"><span class='ocrx_word' id='word_1_198' title='bbox 129 2104 195 2163; x_wconf 94' lang='lat' dir='ltr'><strong>dido</strong></span> <span class='ocrx_word' id='word_1_199' title='bbox 214 2124 283 2166; x_wconf 89' lang='lat' dir='ltr'><strong>aere</strong></span> <span class='ocrx_word' id='word_1_200' title='bbox 304 2125 420 2185; x_wconf 89' lang='lat' dir='ltr'><strong>squama</strong></span> <span class='ocrx_word' id='word_1_201' title='bbox 436 2107 525 2185; x_wconf 90' lang='lat' dir='ltr'><strong>longe</strong></span> <span class='ocrx_word' id='word_1_202' title='bbox 545 2104 652 2185; x_wconf 80' lang='lat' dir='ltr'><strong>Cypria</strong></span> <span class='ocrx_word' id='word_1_203' title='bbox 674 2107 861 2167; x_wconf 85' lang='lat' dir='ltr'><strong>inefficacior.</strong></span> <span class='ocrx_word' id='word_1_204' title='bbox 898 2125 953 2166; x_wconf 88' lang='lat' dir='ltr'><strong>nec</strong></span> <span class='ocrx_word' id='word_1_205' title='bbox 973 2125 1030 2166; x_wconf 92' lang='lat' dir='ltr'><strong>nou</strong></span> <span class='ocrx_word' id='word_1_206' title='bbox 1045 2108 1125 2166; x_wconf 79' lang='lat' dir='ltr'><strong>urIna</strong></span> 
     </span>
     <span class='ocr_line' id='line_1_24' title="bbox 129 2190 1125 2270; baseline 0.004 -25"><span class='ocrx_word' id='word_1_207' title='bbox 129 2190 212 2264; x_wconf 91' lang='lat' dir='ltr'><strong>pueri</strong></span> <span class='ocrx_word' id='word_1_208' title='bbox 247 2190 327 2266; x_wconf 91' lang='lat' dir='ltr'><strong>prius</strong></span> <span class='ocrx_word' id='word_1_209' title='bbox 354 2199 500 2250; x_wconf 88' lang='lat' dir='ltr'><strong>macerant</strong></span> <span class='ocrx_word' id='word_1_210' title='bbox 528 2190 627 2250; x_wconf 88' lang='lat' dir='ltr'><strong>clavos</strong></span> <span class='ocrx_word' id='word_1_211' title='bbox 656 2208 806 2269; x_wconf 89' lang='lat' dir='ltr'><strong>panesque</strong></span> <span class='ocrx_word' id='word_1_212' title='bbox 834 2191 946 2270; x_wconf 90' lang='lat' dir='ltr'><strong>quidam</strong></span> <span class='ocrx_word' id='word_1_213' title='bbox 974 2192 1125 2250; x_wconf 85' lang='lat' dir='ltr'><strong>excussuri</strong></span> 
     </span>
     <span class='ocr_line' id='line_1_25' title="bbox 128 2272 1125 2353; baseline 0.005 -25"><span class='ocrx_word' id='word_1_214' title='bbox 128 2286 284 2347; x_wconf 84' lang='lat' dir='ltr'><strong>squamam,</strong></span> <span class='ocrx_word' id='word_1_215' title='bbox 299 2280 456 2349; x_wconf 89' lang='lat' dir='ltr'><strong>teruntque</strong></span> <span class='ocrx_word' id='word_1_216' title='bbox 468 2281 496 2331; x_wconf 92' lang='lat' dir='ltr'><strong>et</strong></span> <span class='ocrx_word' id='word_1_217' title='bbox 507 2289 580 2348; x_wconf 87' lang='lat' dir='ltr'><strong>aqua</strong></span> <span class='ocrx_word' id='word_1_218' title='bbox 591 2272 689 2350; x_wconf 89' lang='lat' dir='ltr'><strong>pluvia</strong></span> <span class='ocrx_word' id='word_1_219' title='bbox 704 2274 808 2333; x_wconf 87' lang='lat' dir='ltr'><strong>lavant.</strong></span> <span class='ocrx_word' id='word_1_220' title='bbox 838 2275 904 2334; x_wconf 90' lang='lat' dir='ltr'><strong>dant</strong></span> <span class='ocrx_word' id='word_1_221' title='bbox 917 2283 946 2333; x_wconf 90' lang='lat' dir='ltr'><strong>et</strong></span> <span class='ocrx_word' id='word_1_222' title='bbox 958 2273 1125 2353; x_wconf 77' lang='lat' dir='ltr'><strong>hydropicis</strong></span> 
     </span>
     <span class='ocr_line' id='line_1_26' title="bbox 93 2353 1124 2434; baseline 0.001 -20"><span class='ocrx_word' id='word_1_223' title='bbox 93 2371 192 2414; x_wconf 81' lang='lat' dir='ltr'><strong>aucam</strong></span> <span class='ocrx_word' id='word_1_224' title='bbox 205 2353 344 2414; x_wconf 90' lang='lat' dir='ltr'><strong>drachmis</strong></span> <span class='ocrx_word' id='word_1_225' title='bbox 357 2355 467 2414; x_wconf 91' lang='lat' dir='ltr'><strong>duabus</strong></span> <span class='ocrx_word' id='word_1_226' title='bbox 485 2356 514 2414; x_wconf 91' lang='lat' dir='ltr'><strong>in</strong></span> <span class='ocrx_word' id='word_1_227' title='bbox 525 2353 607 2414; x_wconf 93' lang='lat' dir='ltr'><strong>mulsi</strong></span> <span class='ocrx_word' id='word_1_228' title='bbox 623 2355 736 2415; x_wconf 90' lang='lat' dir='ltr'><strong>hemina</strong></span> <span class='ocrx_word' id='word_1_229' title='bbox 753 2365 782 2417; x_wconf 91' lang='lat' dir='ltr'><strong>et</strong></span> <span class='ocrx_word' id='word_1_230' title='bbox 797 2357 919 2415; x_wconf 92' lang='lat' dir='ltr'><strong>inlinunt</strong></span> <span class='ocrx_word' id='word_1_231' title='bbox 931 2374 994 2416; x_wconf 93' lang='lat' dir='ltr'><strong>eum</strong></span> <span class='ocrx_word' id='word_1_232' title='bbox 1006 2358 1124 2434; x_wconf 88' lang='lat' dir='ltr'><strong>polline.</strong></span> 
     </span>
     <span class='ocr_line' id='line_1_27' title="bbox 191 2437 1169 2518; baseline 0.006 -21"><span class='ocrx_word' id='word_1_233' title='bbox 191 2437 275 2517; x_wconf 83' lang='lat'>(26.)</span> <span class='ocrx_word' id='word_1_234' title='bbox 296 2438 454 2516; x_wconf 81' lang='lat' dir='ltr'><strong>herugiois</strong></span> <span class='ocrx_word' id='word_1_235' title='bbox 472 2455 587 2517; x_wconf 92' lang='lat' dir='ltr'><strong>quoque</strong></span> <span class='ocrx_word' id='word_1_236' title='bbox 609 2457 728 2516; x_wconf 85' lang='lat' dir='ltr'><strong>magnus</strong></span> <span class='ocrx_word' id='word_1_237' title='bbox 750 2458 817 2498; x_wconf 90' lang='lat' dir='ltr'><strong>usus</strong></span> <span class='ocrx_word' id='word_1_238' title='bbox 841 2447 894 2500; x_wconf 92' lang='lat' dir='ltr'><strong>est.</strong></span> <span class='ocrx_word' id='word_1_239' title='bbox 926 2439 1057 2518; x_wconf 89' lang='lat' dir='ltr'><strong>pluribus</strong></span> <span class='ocrx_word' id='word_1_240' title='bbox 1075 2441 1106 2499; x_wconf 85' lang='lat' dir='ltr'><strong>dt</strong></span> <span class='ocrx_word' id='word_1_241' title='bbox 1121 2452 1169 2504; x_wconf 82' lang='lat'><strong>110</strong></span> 
     </span>
     <span class='ocr_line' id='line_1_28' title="bbox 128 2521 1125 2601; baseline 0 -19"><span class='ocrx_word' id='word_1_242' title='bbox 128 2541 162 2583; x_wconf 92' lang='lat' dir='ltr'><strong>ea</strong></span> <span class='ocrx_word' id='word_1_243' title='bbox 183 2523 284 2583; x_wconf 90' lang='lat' dir='ltr'><strong>modis.</strong></span> <span class='ocrx_word' id='word_1_244' title='bbox 321 2541 443 2601; x_wconf 91' lang='lat' dir='ltr'><strong>namque</strong></span> <span class='ocrx_word' id='word_1_245' title='bbox 459 2531 489 2584; x_wconf 88' lang='lat' dir='ltr'><strong>et</strong></span> <span class='ocrx_word' id='word_1_246' title='bbox 510 2521 598 2600; x_wconf 93' lang='lat' dir='ltr'><strong>lapidi</strong></span> <span class='ocrx_word' id='word_1_247' title='bbox 615 2540 653 2581; x_wconf 83' lang='lat' dir='ltr'><strong>ex</strong></span> <span class='ocrx_word' id='word_1_248' title='bbox 670 2539 727 2599; x_wconf 92' lang='lat' dir='ltr'><strong>quo</strong></span> <span class='ocrx_word' id='word_1_249' title='bbox 745 2524 880 2601; x_wconf 88' lang='lat' dir='ltr'><strong>coquitur</strong></span> <span class='ocrx_word' id='word_1_250' title='bbox 900 2541 950 2583; x_wconf 91' lang='lat' dir='ltr'><strong>aes</strong></span> <span class='ocrx_word' id='word_1_251' title='bbox 969 2523 1125 2600; x_wconf 87' lang='lat' dir='ltr'><strong>deraditur,</strong></span> 
     </span>
     <span class='ocr_line' id='line_1_29' title="bbox 127 2605 1125 2686; baseline 0.001 -21"><span class='ocrx_word' id='word_1_252' title='bbox 127 2615 158 2665; x_wconf 91' lang='lat' dir='ltr'><strong>et</strong></span> <span class='ocrx_word' id='word_1_253' title='bbox 177 2625 248 2667; x_wconf 89' lang='lat' dir='ltr'><strong>aare</strong></span> <span class='ocrx_word' id='word_1_254' title='bbox 271 2607 391 2667; x_wconf 88' lang='lat' dir='ltr'><strong>candido</strong></span> <span class='ocrx_word' id='word_1_255' title='bbox 417 2608 568 2686; x_wconf 88' lang='lat' dir='ltr'><strong>periorato</strong></span> <span class='ocrx_word' id='word_1_256' title='bbox 598 2614 684 2683; x_wconf 90' lang='lat' dir='ltr'><strong>atque</strong></span> <span class='ocrx_word' id='word_1_257' title='bbox 711 2607 740 2665; x_wconf 93' lang='lat' dir='ltr'><strong>in</strong></span> <span class='ocrx_word' id='word_1_258' title='bbox 764 2605 842 2665; x_wconf 90' lang='lat' dir='ltr'><strong>cadis</strong></span> <span class='ocrx_word' id='word_1_259' title='bbox 870 2624 1014 2684; x_wconf 83' lang='lat' dir='ltr'><strong>suspenso</strong></span> <span class='ocrx_word' id='word_1_260' title='bbox 1036 2624 1125 2684; x_wconf 92' lang='lat' dir='ltr'><strong>super</strong></span> 
     </span>
     <span class='ocr_line' id='line_1_30' title="bbox 128 2688 1125 2770; baseline 0.002 -22"><span class='ocrx_word' id='word_1_261' title='bbox 128 2698 242 2750; x_wconf 91' lang='lat' dir='ltr'><strong>acetum</strong></span> <span class='ocrx_word' id='word_1_262' title='bbox 265 2709 332 2751; x_wconf 91' lang='lat' dir='ltr'><strong>aoro</strong></span> <span class='ocrx_word' id='word_1_263' title='bbox 355 2699 578 2770; x_wconf 88' lang='lat' dir='ltr'><strong>opturatumque</strong></span> <span class='ocrx_word' id='word_1_264' title='bbox 607 2688 758 2769; x_wconf 89' lang='lat' dir='ltr'><strong>operculo.</strong></span> <span class='ocrx_word' id='word_1_265' title='bbox 783 2688 873 2749; x_wconf 91' lang='lat' dir='ltr'><strong>multo</strong></span> <span class='ocrx_word' id='word_1_266' title='bbox 894 2690 1047 2767; x_wconf 90' lang='lat' dir='ltr'><strong>probatior</strong></span> <span class='ocrx_word' id='word_1_267' title='bbox 1068 2698 1125 2767; x_wconf 91' lang='lat' dir='ltr'><strong>est,</strong></span> 
     </span>
     <span class='ocr_line' id='line_1_31' title="bbox 92 2772 1125 2853; baseline -0.003 -17"><span class='ocrx_word' id='word_1_268' title='bbox 92 2775 151 2838; x_wconf 77' lang='lat' dir='ltr'><strong>cosi</strong></span> <span class='ocrx_word' id='word_1_269' title='bbox 172 2773 229 2834; x_wconf 88' lang='lat' dir='ltr'><strong>hoc</strong></span> <span class='ocrx_word' id='word_1_270' title='bbox 250 2774 325 2835; x_wconf 87' lang='lat' dir='ltr'><strong>idern</strong></span> <span class='ocrx_word' id='word_1_271' title='bbox 353 2778 478 2853; x_wconf 89' lang='lat' dir='ltr'><strong>squamis</strong></span> <span class='ocrx_word' id='word_1_272' title='bbox 501 2775 556 2834; x_wconf 90' lang='lat' dir='ltr'><strong>hat.</strong></span> <span class='ocrx_word' id='word_1_273' title='bbox 599 2774 712 2852; x_wconf 90' lang='lat' dir='ltr'><strong>quidam</strong></span> <span class='ocrx_word' id='word_1_274' title='bbox 732 2792 800 2833; x_wconf 85' lang='lat' dir='ltr'><strong>vasa</strong></span> <span class='ocrx_word' id='word_1_275' title='bbox 826 2774 890 2851; x_wconf 90' lang='lat' dir='ltr'><strong>ipsa</strong></span> <span class='ocrx_word' id='word_1_276' title='bbox 916 2772 1026 2834; x_wconf 86' lang='lat' dir='ltr'><strong>candidi</strong></span> <span class='ocrx_word' id='word_1_277' title='bbox 1048 2776 1125 2835; x_wconf 89' lang='lat' dir='ltr'><strong>aeris</strong></span> 
     </span>
     <span class='ocr_line' id='line_1_32' title="bbox 128 2856 1166 2936; baseline 0.007 -21"><span class='ocrx_word' id='word_1_278' title='bbox 128 2857 264 2918; x_wconf 87' lang='lat' dir='ltr'><strong>fictilibus</strong></span> <span class='ocrx_word' id='word_1_279' title='bbox 280 2857 406 2918; x_wconf 88' lang='lat' dir='ltr'><strong>condunt</strong></span> <span class='ocrx_word' id='word_1_280' title='bbox 424 2861 453 2918; x_wconf 92' lang='lat' dir='ltr'><strong>in</strong></span> <span class='ocrx_word' id='word_1_281' title='bbox 469 2867 581 2918; x_wconf 87' lang='lat' dir='ltr'><strong>acetum</strong></span> <span class='ocrx_word' id='word_1_282' title='bbox 595 2857 755 2936; x_wconf 88' lang='lat' dir='ltr'><strong>raduntque</strong></span> <span class='ocrx_word' id='word_1_283' title='bbox 773 2857 894 2917; x_wconf 91' lang='lat' dir='ltr'><strong>decumo</strong></span> <span class='ocrx_word' id='word_1_284' title='bbox 914 2856 969 2917; x_wconf 91' lang='lat' dir='ltr'><strong>die.</strong></span> <span class='ocrx_word' id='word_1_285' title='bbox 1000 2858 1047 2918; x_wconf 91' lang='lat' dir='ltr'><strong>alii</strong></span> <span class='ocrx_word' id='word_1_286' title='bbox 1066 2860 1105 2917; x_wconf 88' lang='lat' dir='ltr'><strong>vi·</strong></span> <span class='ocrx_word' id='word_1_287' title='bbox 1118 2869 1166 2922; x_wconf 90' lang='lat' dir='ltr'><strong>lll</strong></span> 
     </span>
     <span class='ocr_line' id='line_1_33' title="bbox 127 2940 1124 3019; baseline -0.002 -18"><span class='ocrx_word' id='word_1_288' title='bbox 127 2943 225 3001; x_wconf 88' lang='lat' dir='ltr'><strong>naccis</strong></span> <span class='ocrx_word' id='word_1_289' title='bbox 255 2949 415 3018; x_wconf 85' lang='lat' dir='ltr'><strong>contegunt</strong></span> <span class='ocrx_word' id='word_1_290' title='bbox 447 2942 568 3002; x_wconf 91' lang='lat' dir='ltr'><strong>totidem</strong></span> <span class='ocrx_word' id='word_1_291' title='bbox 599 2949 667 3019; x_wconf 94' lang='lat' dir='ltr'><strong>post</strong></span> <span class='ocrx_word' id='word_1_292' title='bbox 694 2940 756 3000; x_wconf 90' lang='lat' dir='ltr'><strong>dies</strong></span> <span class='ocrx_word' id='word_1_293' title='bbox 784 2940 901 3017; x_wconf 88' lang='lat' dir='ltr'><strong>radunt,</strong></span> <span class='ocrx_word' id='word_1_294' title='bbox 933 2942 980 3001; x_wconf 91' lang='lat' dir='ltr'><strong>alii</strong></span> <span class='ocrx_word' id='word_1_295' title='bbox 1009 2943 1124 3002; x_wconf 89' lang='lat' dir='ltr'><strong>delima-</strong></span> 
     </span>
     <span class='ocr_line' id='line_1_34' title="bbox 128 3025 1125 3103; baseline -0.003 -18"><span class='ocrx_word' id='word_1_296' title='bbox 128 3034 183 3085; x_wconf 88' lang='lat' dir='ltr'><strong>tam</strong></span> <span class='ocrx_word' id='word_1_297' title='bbox 200 3027 277 3085; x_wconf 91' lang='lat' dir='ltr'><strong>aeris</strong></span> <span class='ocrx_word' id='word_1_298' title='bbox 293 3026 413 3086; x_wconf 90' lang='lat' dir='ltr'><strong>scobem</strong></span> <span class='ocrx_word' id='word_1_299' title='bbox 429 3033 513 3086; x_wconf 87' lang='lat' dir='ltr'><strong>aceto</strong></span> <span class='ocrx_word' id='word_1_300' title='bbox 530 3031 670 3103; x_wconf 87' lang='lat' dir='ltr'><strong>spargunt</strong></span> <span class='ocrx_word' id='word_1_301' title='bbox 686 3033 862 3102; x_wconf 91' lang='lat' dir='ltr'><strong>versantque</strong></span> <span class='ocrx_word' id='word_1_302' title='bbox 881 3025 991 3103; x_wconf 91' lang='lat' dir='ltr'><strong>spathis</strong></span> <span class='ocrx_word' id='word_1_303' title='bbox 1007 3027 1125 3102; x_wconf 87' lang='lat' dir='ltr'><strong>saepius</strong></span> 
     </span>
     <span class='ocr_line' id='line_1_35' title="bbox 126 3107 1125 3170; baseline -0.003 -2"><span class='ocrx_word' id='word_1_304' title='bbox 126 3108 173 3168; x_wconf 90' lang='lat' dir='ltr'><strong>die</strong></span> <span class='ocrx_word' id='word_1_305' title='bbox 193 3109 287 3169; x_wconf 89' lang='lat' dir='ltr'><strong>donec</strong></span> <span class='ocrx_word' id='word_1_306' title='bbox 309 3110 482 3170; x_wconf 88' lang='lat' dir='ltr'><strong>absumatur.</strong></span> <span class='ocrx_word' id='word_1_307' title='bbox 526 3108 646 3169; x_wconf 89' lang='lat' dir='ltr'><strong>eandem</strong></span> <span class='ocrx_word' id='word_1_308' title='bbox 667 3108 785 3168; x_wconf 89' lang='lat' dir='ltr'><strong>scobem</strong></span> <span class='ocrx_word' id='word_1_309' title='bbox 813 3107 860 3167; x_wconf 90' lang='lat' dir='ltr'><strong>alii</strong></span> <span class='ocrx_word' id='word_1_310' title='bbox 881 3116 980 3169; x_wconf 90' lang='lat' dir='ltr'><strong>terere</strong></span> <span class='ocrx_word' id='word_1_311' title='bbox 1002 3110 1031 3167; x_wconf 92' lang='lat' dir='ltr'><strong>in</strong></span> <span class='ocrx_word' id='word_1_312' title='bbox 1051 3123 1125 3166; x_wconf 92' lang='lat' dir='ltr'><strong>mor·</strong></span> 
     </span>
     <span class='ocr_line' id='line_1_36' title="bbox 90 3192 1125 3268; baseline -0.005 -13"><span class='ocrx_word' id='word_1_313' title='bbox 90 3194 207 3255; x_wconf 82' lang='lat' dir='ltr'><strong>astariis</strong></span> <span class='ocrx_word' id='word_1_314' title='bbox 230 3195 327 3254; x_wconf 87' lang='lat' dir='ltr'><strong>aereis</strong></span> <span class='ocrx_word' id='word_1_315' title='bbox 349 3213 387 3254; x_wconf 86' lang='lat' dir='ltr'><strong>ex</strong></span> <span class='ocrx_word' id='word_1_316' title='bbox 403 3202 488 3254; x_wconf 90' lang='lat' dir='ltr'><strong>aceto</strong></span> <span class='ocrx_word' id='word_1_317' title='bbox 503 3192 619 3252; x_wconf 91' lang='lat' dir='ltr'><strong>malunt.</strong></span> <span class='ocrx_word' id='word_1_318' title='bbox 658 3194 890 3253; x_wconf 81' lang='lat' dir='ltr'><strong>ocissime-vero</strong></span> <span class='ocrx_word' id='word_1_319' title='bbox 913 3194 1055 3268; x_wconf 88' lang='lat' dir='ltr'><strong>contingit</strong></span> <span class='ocrx_word' id='word_1_320' title='bbox 1077 3206 1125 3250; x_wconf 89' lang='lat' dir='ltr'><strong>co-</strong></span> 
     </span>
     <span class='ocr_line' id='line_1_37' title="bbox 125 3275 1167 3339; baseline 0.001 -1"><span class='ocrx_word' id='word_1_321' title='bbox 125 3279 308 3339; x_wconf 91' lang='lat' dir='ltr'><strong>ronariorum</strong></span> <span class='ocrx_word' id='word_1_322' title='bbox 332 3279 533 3338; x_wconf 89' lang='lat' dir='ltr'><strong>recisamentis</strong></span> <span class='ocrx_word' id='word_1_323' title='bbox 556 3278 584 3335; x_wconf 90' lang='lat' dir='ltr'><strong>iu</strong></span> <span class='ocrx_word' id='word_1_324' title='bbox 610 3285 721 3336; x_wconf 87' lang='lat' dir='ltr'><strong>acetum</strong></span> <span class='ocrx_word' id='word_1_325' title='bbox 735 3276 763 3336; x_wconf 96' lang='lat' dir='ltr'><strong>id</strong></span> <span class='ocrx_word' id='word_1_326' title='bbox 785 3276 896 3337; x_wconf 91' lang='lat' dir='ltr'><strong>additis.</strong></span> <span class='ocrx_word' id='word_1_327' title='bbox 931 3275 1167 3338; x_wconf 74' lang='lat' dir='ltr'><strong>adulteramus</strong></span> 
     </span>
     <span class='ocr_line' id='line_1_38' title="bbox 124 3359 1126 3440; baseline -0.002 -20"><span class='ocrx_word' id='word_1_328' title='bbox 124 3379 267 3423; x_wconf 90' lang='lat' dir='ltr'><strong>marmore</strong></span> <span class='ocrx_word' id='word_1_329' title='bbox 284 3363 354 3422; x_wconf 89' lang='lat' dir='ltr'><strong>trito</strong></span> <span class='ocrx_word' id='word_1_330' title='bbox 373 3379 503 3422; x_wconf 82' lang='lat' dir='ltr'><strong>maxume</strong></span> <span class='ocrx_word' id='word_1_331' title='bbox 518 3359 659 3420; x_wconf 87' lang='lat' dir='ltr'><strong>Rhodiam</strong></span> <span class='ocrx_word' id='word_1_332' title='bbox 681 3362 864 3440; x_wconf 84' lang='lat' dir='ltr'><strong>aeruginem,</strong></span> <span class='ocrx_word' id='word_1_333' title='bbox 885 3361 932 3420; x_wconf 87' lang='lat' dir='ltr'><strong>alii</strong></span> <span class='ocrx_word' id='word_1_334' title='bbox 950 3362 1062 3440; x_wconf 87' lang='lat' dir='ltr'><strong>pumice</strong></span> <span class='ocrx_word' id='word_1_335' title='bbox 1079 3367 1126 3419; x_wconf 91' lang='lat' dir='ltr'><strong>aut</strong></span> 
     </span>
     <span class='ocr_line' id='line_1_39' title="bbox 125 3443 1139 3525; baseline -0.01 -21"><span class='ocrx_word' id='word_1_336' title='bbox 125 3449 234 3507; x_wconf 88' lang='lat' dir='ltr'><strong>cummi.</strong></span> <span class='ocrx_word' id='word_1_337' title='bbox 264 3447 423 3525; x_wconf 88' lang='lat' dir='ltr'><strong>praecipue</strong></span> <span class='ocrx_word' id='word_1_338' title='bbox 441 3454 535 3507; x_wconf 88' lang='lat' dir='ltr'><strong>autem</strong></span> <span class='ocrx_word' id='word_1_339' title='bbox 551 3443 624 3504; x_wconf 89' lang='lat' dir='ltr'><strong>lallit</strong></span> <span class='ocrx_word' id='word_1_340' title='bbox 639 3453 799 3506; x_wconf 90' lang='lat' dir='ltr'><strong>atramento</strong></span> <span class='ocrx_word' id='word_1_341' title='bbox 821 3447 934 3506; x_wconf 91' lang='lat' dir='ltr'><strong>sutorio</strong></span> <span class='ocrx_word' id='word_1_342' title='bbox 957 3444 1139 3501; x_wconf 61' lang='lat' dir='ltr'><strong>adultam.</strong></span> 
     </span>
    </p>
   </div>
   <div class='ocr_carea' id='block_1_3' title="bbox 0 0 1194 3840">
    <p class='ocr_par' dir='ltr' id='par_1_3' title="bbox 0 0 1194 3840">
     <span class='ocr_line' id='line_1_40' title="bbox 0 0 1194 3840; baseline 0 3"><span class='ocrx_word' id='word_1_343' title='bbox 0 0 1194 3840; x_wconf 95' lang='lat' dir='ltr'><strong> </strong></span> 
     </span>
    </p>
   </div>
  </div>
 </body>
</html>
