2378 3840
330 213 409 262 uun.
430 213 518 262 misr.
536 214 640 260 xxxv.
655 212 697 262 m.
708 211 751 264 11.
767 200 917 279 (ot-40.)
1084 202 1124 266 89

118 383 178 426 nou
200 368 277 426 enim
299 369 428 445 parietes
450 367 626 429 excolebant
647 367 770 426 dominis
794 375 918 442 tautum,
947 385 1002 426 nec
1022 367 1124 428 domos

120 467 177 510 uuo
199 450 229 509 in
256 450 323 510 loco
345 469 492 512 mansuras
519 469 594 529 quae
617 469 654 510 cx
672 449 814 510 incendiis
835 450 897 526 rapi
918 466 975 508 ucn
992 459 1122 528 possent.

120 551 187 594 casa
209 532 394 612 Protogenes
419 544 573 595 contentus
599 543 660 595 crat
690 535 719 592 in
744 532 861 593 hortulo
887 551 959 609 suo,
993 533 1070 593 nulla
1095 535 1124 593 iu

121 616 237 696 Apellis
254 620 387 678 tectoriis
403 621 516 696 pictura
532 626 604 680 erat.
634 615 758 677 noudum
774 616 885 676 libebat
901 619 1029 695 parietes
1045 625 1125 677 totos

98 702 273 778 stinguere,
303 705 427 762 omnium
450 719 551 761 eorum
576 719 622 760 ars
645 700 765 760 urbibus
788 699 949 760 excubabat
970 702 1124 778 pictorque

121 803 170 844 res
186 787 343 844 communis
361 794 502 845 terrarum
518 794 589 845 erat.
619 784 685 844 Fuit
707 792 737 843 et
755 782 885 842 Arellius
901 782 1013 844 Romae
1028 784 1168 868 cele-ili

121 867 175 928 bcr
196 869 283 945 paulo
306 877 373 928 autc
396 868 492 928 divom
513 868 692 945 Augustum,
717 869 744 926 ni
763 866 876 944 flagitio
898 869 1003 944 insigni
1026 870 1126 928 corrui

121 953 215 1030 pisset
229 960 337 1028 artem,
360 969 477 1029 semper
492 953 520 1010 ei
536 950 706 1011 lenocinans
722 952 803 1010 cuius
821 951 946 1011 feminae
962 969 1061 1013 amore
1077 918 1125 1025 dol

120 1045 221 1112 graret
242 1044 272 1096 et
294 1035 332 1094 ob
353 1035 381 1092 id
398 1035 468 1094 deas
485 1036 626 1111 pingens,
645 1034 697 1094 sed
714 1033 882 1094 dilectarum
900 1037 1036 1110 imagine.
1073 1028 1125 1093 nl-

85 1131 178 1195 roque
198 1120 227 1178 in
249 1119 362 1195 pictura
385 1118 448 1177 eius
469 1126 566 1177 scorta
592 1117 825 1178 numerabantur.
867 1117 933 1177 Fuit
955 1127 985 1176 et
1013 1135 1105 1196 nuper
1118 1126 1169 1181 lio

120 1203 219 1278 gravis
251 1219 285 1262 ac
315 1220 437 1262 severus
468 1201 601 1278 idemque
626 1201 827 1261 floridissimas
855 1202 950 1279 pictor
975 1200 1123 1279 Fabullus.

119 1284 202 1344 huius
217 1294 279 1345 crat
296 1284 426 1346 Minerva
438 1293 619 1363 spectantem
635 1294 771 1364 spectans
784 1302 962 1362 quacumque
978 1280 1125 1363 aspicere·

120 1377 173 1427 tur.
190 1371 290 1447 paucis
303 1369 361 1428 diei
375 1368 456 1428 horis
469 1368 620 1446 pingebat,
633 1370 662 1427 id
671 1386 787 1445 quoque
800 1386 862 1428 cum
878 1368 1034 1444 gravitate,
1048 1367 1125 1445 quod

120 1469 237 1528 semper
259 1460 393 1528 togatus,
419 1468 587 1529 quamquam
608 1452 638 1510 in
658 1450 804 1510 machinis.
845 1468 946 1509 carcer
969 1452 1031 1510 cius
1055 1453 1123 1509 artis

84 1535 220 1594 sedemus
243 1551 332 1593 aurea
352 1535 424 1609 luit,
440 1542 470 1592 et
491 1533 558 1592 idco
580 1551 638 1592 non
653 1541 768 1592 exstant
786 1532 920 1610 exempla
935 1531 990 1592 alia
1007 1550 1124 1609 magno·

119 1635 201 1696 perc.
237 1617 308 1675 Post
329 1635 394 1675 eum
410 1617 495 1675 luere
516 1617 545 1674 in
561 1617 735 1675 auctoritate
752 1614 905 1675 Cornelius
922 1614 1009 1675 Pinus
1026 1625 1056 1676 et
1073 1616 1125 1675 At·

119 1702 176 1759 tius
193 1698 326 1776 Priscus,
343 1701 390 1776 qui
406 1697 533 1758 Honoris
550 1707 580 1758 ct
594 1698 719 1757 Virtutis
734 1698 815 1758 aedis
830 1700 999 1777 imperatori
1016 1701 1124 1779 Vespa-

119 1785 200 1844 siano
210 1784 346 1861 Augusto
359 1783 525 1844 restituenti
538 1783 704 1860 pinxerunt,
720 1781 837 1842 Priscus
850 1784 976 1860 antiquis
992 1784 1123 1842 similior.

186 1870 234 1927 11.
253 1867 334 1947 (38.)
357 1866 423 1927 Non
442 1875 488 1927 est
502 1865 659 1926 omittenda
675 1866 704 1924 iu
715 1866 846 1943 picturae
861 1867 1009 1926 mentione
1025 1866 1103 1926 cele·
1117 1876 1164 1932 iil

84 1965 109 2007 ao
119 1952 180 2012 bris
198 1953 275 2013 circa
292 1950 431 2030 Lepidum
452 1950 566 2027 fabula,
588 1949 730 2027 siquidem
751 1951 780 2008 in
798 1951 978 2010 triumviratu
1001 1951 1124 2028 quodam
1143 1949 1155 2025 J

118 2036 186 2096 loco
205 2035 345 2096 deductus
366 2053 382 2095 a
405 2034 621 2113 magistratibus
643 2035 673 2094 iu
694 2051 880 2094 nemorosum
897 2034 1054 2113 hospitium
1074 2035 1123 2092 mi·
1153 2028 1156 2036 '

119 2120 230 2178 nacitor
252 2136 315 2178 cum
338 2120 374 2177 iis
391 2127 514 2196 postero
529 2119 576 2178 die
593 2118 793 2197 expostulavit
811 2135 941 2178 somnum
960 2119 1124 2197 ademptum
1150 2129 1157 2189 j

119 2200 175 2259 sihi
192 2201 341 2259 volucrum
355 2209 516 2276 concentu,
532 2210 561 2259 at
579 2200 621 2260 illi
637 2202 792 2262 draconem
808 2203 837 2261 in
852 2201 1020 2278 longissima
1037 2220 1123 2262 mem·
1136 2200 1151 2272 J

120 2283 208 2342 brana
229 2283 376 2358 depictum
398 2282 616 2341 circumdedere
637 2283 704 2343 lucc
722 2302 818 2360 coque
835 2292 952 2344 terrore
970 2288 1031 2344 avis
1057 2294 1124 2344 tunc

84 2366 238 2426 resiluisse
256 2373 387 2424 narratur
404 2372 434 2423 ct
453 2371 558 2440 postea
575 2366 727 2442 occuitum
742 2373 789 2426 cst
802 2367 848 2426 ita
864 2384 955 2443 posse
972 2369 1121 2443 conpesci.

182 2446 264 2533 (39.)
281 2446 365 2509 Garis
381 2450 505 2526 pingere
520 2463 554 2505 ac
568 2448 707 2523 picturam
720 2451 838 2508 inurere
854 2450 917 2525 quis
928 2451 1037 2525 primus
1054 2457 1167 2510 exn-122

118 2535 294 2611 cogitaverit
317 2549 375 2592 non
394 2539 520 2592 constat.
563 2529 675 2606 quidam
695 2531 830 2591 Aristidis
851 2533 999 2591 inventum
1021 2539 1123 2608 putant

118 2625 223 2694 postea
244 2625 469 2676 consummatum
490 2613 684 2690 aPraxitclc,
706 2613 759 2673 scd
777 2614 924 2692 aliquanto
941 2616 1121 2674 vetustiores

119 2701 303 2759 encausticae
319 2699 451 2777 picturae
467 2700 629 2772 exstitere,
644 2705 674 2755 ut
690 2697 847 2774 Polygnoti
867 2708 897 2759 et
918 2697 1071 2758 Nicanoris
1092 2705 1123 2758 et

83 2793 108 2835 ³0
118 2783 264 2843 Arcesilai
273 2782 430 2843 Pariorum.
462 2781 619 2859 Elasippus
632 2798 748 2857 quoque
761 2782 894 2858 Aeginae
906 2784 1037 2861 picturae
1051 2800 1133 2860 suae;

117 2868 267 2944 inscripsit
289 2861 443 2944 ἐνέκαεν,
469 2865 547 2944 quod
569 2864 704 2942 prolecto
726 2880 784 2923 nou
806 2865 927 2926 fecisset
943 2868 998 2927 uisi
1019 2863 1133 2928 encas-³

119 2951 191 3009 stica
207 2952 334 3010 inventa.

182 3034 262 3112 (40.)
277 3033 442 3113 Pamphilus
455 3039 572 3111 quoque
585 3030 701 3108 Apellis
714 3039 890 3108 praeceptor
901 3050 958 3091 non
969 3034 1100 3110 pinxisse
1115 3040 1166 3095 123

118 3117 211 3176 solum
233 3126 370 3178 encausta
396 3117 449 3177 sed
471 3118 557 3176 etiam
577 3114 716 3174 docuisse
737 3113 859 3174 traditur
879 3114 1002 3175 Pausian
1020 3114 1121 3190 Sicyo-

82 3215 106 3256 os
117 3202 193 3261 nium
210 3204 330 3279 primum
347 3203 376 3260 in
398 3199 454 3259 hoc
471 3216 582 3276 genere
603 3197 741 3275 nobilem.
774 3197 890 3274 Bryetis
907 3198 981 3258 illins
1002 3197 1049 3258 hic
1067 3198 1121 3257 luit

118 3283 305 3362 eiusdemque
321 3285 414 3362 primo
431 3282 597 3360 discipulus.
631 3282 724 3359 pinxit
740 3290 770 3340 et
786 3284 851 3361 ipse
869 3281 1008 3360 penicillo
1026 3282 1120 3361 parie-

116 3375 163 3426 tes
181 3366 335 3446 Thespiis,
361 3384 425 3427 cum
450 3366 643 3426 reficerentur
657 3364 799 3442 quondam
817 3383 832 3425 a
849 3366 1016 3443 Polygnoto
1038 3367 1119 3445 picti,

116 3449 291 3529 multumque
315 3450 526 3528 conparatione
549 3455 702 3524 superatus
724 3449 960 3526 existimabatur,
986 3452 1126 3527 quoniam
