2378 3840
305 217 384 263 uun.
409 215 498 264 mrsu.
520 215 640 262 xxxin.
662 211 687 266 6.
703 210 727 265 7.
744 202 874 278 (7-11.)
1031 202 1090 262 115

89 368 256 448 scalpendis
276 377 362 447 atque
382 369 513 429 limandis
531 366 653 427 Naxium
673 368 721 426 diu
742 366 851 446 placuit
868 375 935 426 ante
953 366 1018 428 alia.
1049 370 1089 428 ita

91 461 232 514 vocantur
243 462 327 512 cotes
342 449 482 530 inBypro
497 451 590 512 insula
605 453 733 528 genitae.
754 451 854 509 vicere
870 460 975 528 postea
988 469 1026 510 ex
1037 449 1092 510 Ar·

91 537 185 596 menia
199 546 310 596 vectae.

154 621 235 700 (ll.)
256 619 429 678 Marmorum
447 637 556 696 genera
570 627 600 678 et
617 619 734 679 colores
751 637 809 678 nou
827 619 931 677 attinet
947 618 1046 678 dicere
1063 619 1092 677 in

68 712 168 763 etanta
182 705 301 780 notitia,
323 721 378 762 nec
399 703 485 763 facile
508 711 553 762 est
578 720 748 763 enumerare
762 705 791 762 in
808 709 885 761 tanta
900 701 1091 761 multitudino.

91 796 181 865 quoto
199 790 304 866 cuique
319 788 395 847 enim
407 786 474 845 loco
491 803 549 845 non
567 804 648 845 suum
663 803 787 845 marmor
804 782 971 845 invenitur?
1006 794 1037 845 et
1052 794 1093 845 ta·

88 889 155 931 men
170 871 356 932 celeberrimi
378 870 498 946 generis
519 869 595 928 dicta
617 871 726 929 suntin
741 869 848 928 ambitu
864 877 1007 929 terrarum
1030 887 1093 930 oum

89 955 226 1030 gentibus
248 956 317 1014 suis.
355 971 414 1013 non
436 953 529 1012 omnia
557 961 652 1012 autem
678 954 707 1013 in
736 952 898 1031 lapicidinis
920 956 1089 1030 gignuntur,
1101 965 1136 1017 55

89 1038 142 1097 sed
157 1037 245 1097 multa
262 1046 293 1097 et
307 1037 360 1097 sub
376 1046 454 1096 terra
467 1053 584 1113 sparsa,
606 1038 811 1115 pretiosissimi
830 1036 945 1114 quidem
959 1038 1091 1113 generis,

56 1122 166 1193 rosioni
193 1119 453 1181 Lacedaemonium
477 1120 571 1180 viride
597 1121 767 1200 cunctisque
792 1118 931 1197 hilarius,
959 1122 1034 1179 sicut
1064 1127 1095 1179 et

89 1205 271 1283 Augusteum
292 1222 326 1265 ac
346 1204 452 1265 deinde
468 1202 625 1264 'libereum
646 1206 676 1263 in
695 1205 835 1283 Aegypto
851 1203 977 1282 Augusti
996 1221 1030 1263 ac
1046 1203 1094 1263 Ti·

90 1289 154 1349 beri
176 1290 296 1367 primum
317 1290 480 1367 principatu
501 1296 629 1366 reperta.
678 1288 843 1349 differentia
865 1306 967 1348 eorum
989 1297 1036 1348 est
1057 1287 1093 1346 ab

90 1373 209 1451 ophite,
224 1391 288 1432 cum
304 1375 343 1433 sit
358 1372 428 1431 illud
447 1374 625 1450 serpentium
640 1372 759 1432 maculis
778 1373 891 1447 simile,
907 1371 983 1432 unde
1000 1380 1030 1431 et
1044 1389 1095 1431 uo·

89 1475 155 1517 men
178 1458 308 1533 accepit,
332 1455 410 1532 quod
436 1454 509 1514 haec
531 1455 658 1514 maculas
680 1456 797 1515 diverso
827 1455 913 1514 modo
940 1454 1093 1531 colligunt,

55 1551 80 1593 tt
90 1540 272 1616 Augusteum
296 1538 421 1598 undatim
441 1540 567 1616 crispum
590 1539 619 1596 in
637 1540 783 1613 vertices,
806 1536 963 1598 Tibereum
980 1556 1092 1616 sparsa,

90 1640 149 1681 non
164 1620 321 1681 convoluta
336 1622 454 1690 canitie.¹
473 1620 577 1700 Neque
589 1640 628 1680 ex
641 1621 741 1699 ophite
751 1621 903 1682 columnae
915 1623 969 1681 nisi
983 1639 1090 1700 parvae
1102 1630 1137 1686 56

91 1704 239 1765 admodum
255 1706 451 1765 inveniuntur.
471 1705 528 1764 duo
541 1706 604 1764 eius
617 1723 743 1782 genera:
759 1705 850 1766 molle
866 1705 989 1781 candidi,
1006 1706 1095 1781 nigri-

91 1807 158 1849 cans
180 1789 253 1849 duri.
289 1789 422 1849 dicuntur
443 1788 527 1848 ambo
549 1791 653 1867 capitis
675 1788 795 1849 dolores
819 1788 924 1849 sedare
946 1788 1094 1865 adalligati

91 1881 122 1933 et
137 1875 315 1951 serpentium
330 1876 414 1933 ictus.
451 1872 564 1951 quidam
586 1873 766 1950 phreneticis
784 1890 818 1933 ac
831 1873 1001 1949 lethargicis
1018 1871 1095 1931 adal-

56 1970 80 2010 20
90 1957 174 2034 ligari
183 1957 285 2017 iubent
295 1957 499 2029 candicantem.
517 1965 619 2017 contra
631 1957 779 2035 serpentis
788 1965 883 2016 autem
896 1975 912 2016 a
924 1954 1095 2033 quibusdam

90 2043 248 2121 praecipue
265 2040 396 2101 laudatur
413 2059 452 2101 ex
467 2043 503 2101 iis
518 2058 604 2119 quem
626 2042 761 2121 tephrian
782 2040 931 2119 appellant
954 2057 970 2098 a
992 2039 1095 2099 colore

90 2127 207 2185 cineris.
252 2125 384 2184 Vocatur
399 2134 429 2184 et
443 2123 619 2202 Memphites
638 2144 654 2184 a
669 2125 754 2201 loco,
777 2126 948 2202 gemmantis
964 2131 1093 2182 naturae.

90 2207 174 2266 huius
198 2225 268 2266 usus
290 2208 406 2265 conteri
429 2214 460 2265 et
479 2209 515 2265 iis
540 2226 613 2284 quae
639 2209 747 2268 urenda
768 2211 826 2267 sint
845 2216 893 2268 aut
915 2207 1041 2268 secanda
1057 2222 1096 2266 ex

91 2298 176 2349 aceto
201 2287 292 2348 inlini.
336 2288 521 2366 obstupescit
544 2291 584 2348 ita
604 2308 712 2368 corpus
735 2309 791 2351 nec
812 2291 902 2351 sentit
928 2292 1094 2350 cruciatum.

56 2371 190 2433 acRuhet
209 2370 398 2451 porphyrites
417 2374 446 2431 in
470 2372 571 2432 eadem
586 2372 742 2451 Aegypto,
777 2392 817 2432 ex
837 2372 942 2432 eodem
963 2370 1091 2432 candidis
1103 2381 1136 2436 st

91 2456 354 2517 intervenientibus
375 2457 488 2534 punctis
511 2456 725 2534 leptopsephos
740 2464 872 2516 vocatur.
905 2454 1094 2532 quantislibet

90 2539 216 2599 molibus
224 2540 379 2601 caedendis
392 2540 538 2600 sufficiunt
552 2539 732 2617 lapicidinae.
752 2548 861 2600 statuas
875 2556 914 2597 ex
926 2555 963 2597 eo
973 2535 1092 2597 Claudio

93 2620 212 2682 Caesari
227 2632 403 2700 procurator
420 2625 538 2683 eius'iu
562 2623 663 2682 urbem
685 2641 723 2682 ex
741 2622 882 2701 Aegypto
903 2618 1021 2681 adrexit
1043 2621 1094 2681 Vi-

91 2708 198 2766 trasius
213 2705 317 2783 Polio,
338 2723 397 2765 non
421 2707 571 2767 admodum
592 2706 715 2783 probata
735 2709 875 2766 novitate.
910 2723 995 2766 nemo
1011 2715 1095 2766 certe

56 2797 197 2868 topostea
211 2791 337 2849 imitatus
357 2797 411 2849 est.
461 2788 576 2850 invenit
596 2789 698 2850 eadem
714 2789 869 2869 Aegyptus
885 2792 915 2850 in
932 2789 1091 2870 Aethiopia
1103 2803 1138 2856 58

92 2890 178 2952 quem
193 2881 298 2933 vocant
312 2874 486 2951 basaniten‚-
507 2874 597 2934 ferrei
619 2872 728 2934 coloris
752 2883 840 2952 atque
858 2874 1000 2951 duritiae,
1018 2874 1094 2934 unde

93 2966 123 3017 et
137 2974 243 3016 nomen
260 2958 287 3017 ei
303 2957 390 3018 dedit.
422 2975 572 3034 numquam
585 2957 632 3016 hic
646 2959 738 3017 maior
753 2967 889 3036 repertus
907 2966 953 3018 est
968 2977 1052 3037 quam
1065 2960 1095 3018 in

92 3040 203 3119 templo
219 3039 302 3099 Pacis
320 3041 356 3101 ab
376 3043 554 3120 imperatore
570 3040 756 3118 Vespasiano
772 3040 907 3118 Augusto
924 3041 1036 3101 dicatus
1052 3059 1095 3100 ar-

92 3132 231 3203 gumento
246 3123 322 3201 Nili,
340 3125 469 3186 sedecim
483 3124 586 3183 liberis
601 3125 678 3184 circa
695 3124 861 3185 ludentibus
877 3143 932 3202 per
949 3141 1023 3202 quos
1038 3132 1095 3183 tot·

60 3234 84 3274 ac
94 3209 171 3270 idem
190 3209 288 3268 cubita
302 3210 401 3270 summi
426 3209 596 3268 inerementi
613 3211 748 3284 augentis
764 3227 798 3268 se
814 3209 904 3267 amnis
920 3206 1094 3284 intellegun-

94 3303 148 3358 tur.
180 3311 238 3353 uon
253 3293 393 3354 absimilis
409 3293 450 3353 illi
465 3300 597 3351 narratur
612 3294 641 3350 in
656 3290 765 3353 Thebis
782 3291 905 3352 delubro
922 3291 1052 3369 Serapis,
1064 3298 1095 3350 ut
1112 3327 1114 3331 -

94 3387 205 3455 putant,
219 3376 381 3439 lllemnonis
398 3385 510 3438 statuae
527 3375 656 3454 dicatus,
674 3394 759 3455 qoem
775 3375 921 3469 cqtidiauo
941 3374 1012 3435 solis
1029 3383 1098 3434 ortu

94 3469 257 3523 contactum
273 3462 362 3524 radiis
376 3478 499 3541 crepare
515 3459 639 3521 tradunt.

917 3533 966 3596 Q&
