2378 3840
110 159 169 220 124
454 168 484 216 c.
506 168 602 216 rrum
624 165 774 216 succum

107 326 189 387 Pauli
202 326 343 387 columnis
360 322 555 402 el'hrygibus
571 322 733 384 mirabilem
748 323 902 399 lorumque
917 320 976 380 divi
988 320 1115 399 Augusti

108 420 138 472 et
154 410 291 489 templum
307 408 392 469 Pacis
412 406 587 487 Vespasiani
609 407 795 486 imperatoris
811 405 957 483 Augusti,
980 403 1116 484 pulcher·

107 497 179 555 rima
196 512 316 574 operum
332 509 406 572 quae
424 508 555 571 umquam
579 491 652 551 uidit
672 490 771 569 orbis,
792 508 852 551 non
875 497 904 549 et
924 497 1032 549 tectum
1047 490 1116 549 diri·

108 579 198 640 bitori
218 580 254 639 ab
273 577 406 655 Agrippa
426 577 513 653 iacti,
535 594 599 637 cum
621 575 764 635 theatrum
782 584 851 634 ante
876 575 986 633 texerit
1003 572 1114 633 Romae

65 675 117 730 103
127 661 264 722 Valerius
278 661 424 722 Ostiensis
439 658 614 721 architectus
626 659 703 719 ludis
718 654 860 719 bibonis?
889 658 932 737 [21
952 658 1138 735 pyramidass

107 765 210 824 regum
226 748 380 821 miramur,
395 763 459 805 cum
475 744 569 804 solum
584 752 693 803 tautum
707 744 774 803 foro
790 741 969 803 exstruendo
985 740 1041 801 HS.
1058 739 1114 824 1561

109 828 218 890 Caesar
240 829 367 890 dictator
389 829 493 890 emerit
514 837 561 905 et,
592 829 616 886 si
638 845 724 904 quem
745 828 867 905 inpensa
896 834 996 886 movet
1021 827 1115 904 captis

107 915 229 974 avaritia
251 915 369 990 animis,
391 912 446 972 HS.
469 908 627 996 iffi}
649 910 735 971 domo
759 919 855 990 empta
880 908 1000 970 Clodius
1030 927 1115 987 quem

106 996 179 1058 Milo
196 998 303 1058 occidit
317 995 511 1074 habitaverit,
534 995 611 1075 quod
627 994 762 1074 equidem
783 1012 841 1055 non
859 1012 945 1054 secus
964 1012 998 1054 ac
1012 1011 1115 1070 regum

66 1083 268 1146 104insaniam
289 1083 388 1142 miror.
426 1083 525 1158 itaque
547 1082 642 1158 ipsum
662 1078 800 1140 Milonem
817 1080 986 1140 sestertium
1002 1079 1151 1156 septim-ru

107 1168 244 1242 gentienus
269 1168 346 1226 aeris
365 1165 452 1224 alieni
475 1164 614 1224 debuisse
637 1165 715 1222 inter
738 1162 873 1241 prodigia
894 1162 979 1222 animi
1001 1162 1114 1221 humani

109 1250 183 1309 dico.
217 1247 270 1308 sed
286 1257 451 1318 tumseues
466 1248 585 1324 aggeris
605 1254 718 1306 vastum
734 1248 857 1325 spatium
874 1255 904 1306 et
920 1245 1115 1306 substructio·

109 1351 162 1392 nes
190 1333 306 1392 insanas
330 1327 459 1409 Capitoli
479 1330 673 1407 mirabantur,
696 1338 851 1410 praeterea
874 1329 1010 1406 cloacas,
1040 1347 1115 1408 opus

109 1417 233 1476 omnium
253 1417 331 1477 dictu
354 1433 516 1476 maxumum
536 1415 681 1475 subfossis
696 1416 842 1475 montibus
859 1423 963 1493 atque,
986 1422 1017 1474 ut
1034 1413 1115 1493 paul·

82 1516 106 1554 su
120 1499 151 1561 lo
173 1508 240 1561 ante
262 1499 424 1579 retulimus,
436 1500 510 1560 urbe
520 1500 627 1578 pensili
640 1499 799 1575 subterque
816 1501 949 1577 navigata
960 1497 999 1558 Μ.
1011 1499 1150 1578 Agrip-1⁵

66 1592 115 1645 105
126 1595 184 1658 pae
219 1585 247 1639 in
272 1583 421 1649 aedilitate
443 1584 712 1662 postconsulatum.
759 1581 1113 1662 [3lpermeantconrirati

109 1672 225 1743 septem
245 1681 344 1725 amnes
366 1681 511 1742 cursuque
526 1666 680 1743 praecipiti
705 1667 876 1725 torrentium
898 1664 984 1725 modo
1007 1683 1114 1743 rapere

110 1755 198 1826 atque
219 1749 336 1810 auierre
359 1749 454 1809 omnia
475 1751 587 1826 coacti,
616 1751 738 1827 iusuper
760 1750 893 1809 imbrium
916 1748 995 1809 mole
1018 1751 1115 1809 conei-

108 1834 159 1891 tati
190 1830 262 1894 uada
288 1851 322 1893 ac
343 1831 436 1892 latera
460 1835 608 1910 quatiunt,
636 1832 791 1912 aliquando
819 1832 935 1895 Tiberis
961 1841 1043 1894 retro
1073 1834 1115 1893 in·

107 1916 189 1976 lusus
204 1918 361 1995 recipitur,
384 1925 571 1995 pugnantque
588 1916 697 1978 diversi
719 1935 854 1993 aquarum
876 1919 1001 1996 impetus
1023 1919 1151 1994 intus,ao

66 2009 118 2064 106
129 2008 161 2060 et
177 2007 272 2061 tamen
286 2000 393 2059 obnixa
411 2000 529 2060 firmitas
546 2002 668 2060 resistit.
701 2001 853 2061 trabuntur
874 2001 968 2062 moles
986 2019 1115 2080 superne

109 2090 207 2142 tantae
220 2100 278 2142 nou
289 2083 543 2156 succumbentibus
556 2085 635 2144 cavis
649 2086 762 2162 operis,
771 2084 996 2163 pulsaptruiuae
1008 2093 1115 2164 sponte

108 2167 289 2244 praecipites
318 2174 367 2225 aut
394 2166 528 2245 inpactae
555 2168 718 2246 incendiis,
748 2171 876 2249 quatitur
899 2170 993 2230 solum
1015 2178 1115 2230 terrae

106 2250 253 2327 motibus,
273 2249 374 2310 durant
391 2259 517 2311 tamena
534 2250 692 2331 Tarquinio
708 2253 809 2314 Prisco
829 2255 911 2314 anuis
926 2250 1003 2314 DCC
1019 2271 1115 2332 prope

106 2333 368 2412 inexpugnabiles,
385 2353 444 2396 uon
460 2337 621 2399 omittendo
636 2338 818 2398 memorabili
838 2336 975 2414 exemplo
992 2337 1041 2397 uel
1057 2354 1150 2397 mars

106 2419 170 2495 gis,
193 2420 328 2496 quoniam
349 2419 551 2480 celeberrimis
569 2439 666 2482 rerum
682 2420 886 2481 conditoribus
903 2421 1041 2479 omissum
1058 2430 1113 2481 est.

64 2510 192 2566 Iolcum
218 2503 248 2563 id
278 2521 352 2581 opus
374 2503 546 2583 Tarquinius
565 2504 683 2565 Priscus
711 2503 808 2581 plebis
835 2501 966 2560 manibus
988 2503 1115 2582 laceret,

107 2594 248 2665 essetque
277 2586 363 2647 labor
386 2589 528 2649 incertum
557 2590 649 2648 maior
680 2604 716 2645 an
743 2585 879 2662 longior,
911 2587 1020 2664 passim
1046 2605 1115 2648 con·

106 2671 179 2730 scita
202 2688 277 2730 nece
301 2668 464 2743 Quiritibus
487 2671 612 2731 taedium
635 2669 833 2747 fugientibus,
858 2686 966 2729 novom
983 2679 1014 2731 et
1031 2673 1115 2732 inex·

105 2755 265 2829 cogitatum
296 2762 364 2814 aute
391 2763 555 2832 posteaque
585 2752 744 2814 remedium
778 2755 890 2814 invenit
918 2753 970 2815 ille
998 2774 1054 2816 rex
1083 2765 1151 2816 uteo

107 2836 231 2894 omnium
243 2837 283 2896 ita
297 2836 498 2898 defunctorum
510 2855 636 2916 corpora
649 2837 755 2915 figeret
768 2839 847 2898 cruci
859 2838 1017 2918 spectanda
1029 2840 1114 2901 simul

62 2926 115 2986 108
126 2917 239 2978 civibus
257 2920 371 2979 otieris
383 2920 612 3000 volucribusque
625 2921 787 2983 laceranda.
816 2923 1004 3000 quamobrem
1019 2924 1115 3003 pudor

105 3001 228 3062 Romani
252 3003 375 3063 nominis
398 3005 550 3082 proprius,
577 3007 626 3083 qui
649 3023 739 3085 saepe
759 3026 810 3068 res
833 3007 964 3086 perditas
985 3009 1114 3070 servavit

105 3089 135 3147 in
153 3087 296 3166 proeliis,
316 3095 385 3148 tunc
402 3104 520 3168 quoque
536 3089 691 3168 subvenit,
710 3091 764 3152 sed
778 3089 831 3151 illo
845 3100 980 3171 tempore
996 3094 1026 3153 in
1044 3101 1114 3172 post

105 3173 191 3232 vitam
214 3172 411 3251 erubescens,
439 3190 503 3232 cum
531 3175 658 3254 puderet
677 3177 762 3236 viros
785 3184 928 3256 tamquam
949 3177 1150 3255 puditurumas

106 3264 189 3317 essct
210 3259 383 3319 exstinctos.
423 3257 638 3336 amplitudinem
659 3262 739 3321 cavis
760 3279 823 3320 eam
845 3262 956 3322 iecisse
978 3259 1114 3340 proditur

59 3350 114 3404 109
126 3349 157 3399 ut
169 3340 274 3401 rebem
287 3341 364 3403 lacni
380 3342 464 3421 large
480 3353 611 3405 onustam
624 3346 842 3405 transmitteret.
877 3345 921 3424 [4]
937 3343 1030 3405 Parva
1045 3352 1113 3403 sunt

89 3431 199 3488 cuncta
214 3443 293 3504 quae
309 3425 435 3490 diximus
452 3436 483 3490 et
502 3430 596 3491 omnia
617 3430 665 3489 uni
684 3429 869 3510 conparanda
884 3426 1041 3507 miraculo,
1064 3445 1113 3487 au·
