2378 3840
112 163 151 223 72
459 171 489 221 o.
505 173 765 222 amuraacuum

112 327 303 389 Philocharcn
316 327 546 404 ignobilissimos
562 328 670 406 alioqui
685 326 870 388 Glaucionem
886 328 1030 405 liliumque
1048 327 1113 387 eius

111 412 291 489 Aristippum
307 419 425 470 senatus
441 411 541 490 populi
557 411 679 472 Romani
696 419 740 471 tot
757 412 882 473 saeculis
898 418 1023 489 spectet.
1059 429 1113 489 po-

110 497 168 555 suit
190 504 220 555 et
236 493 369 554 Tiberius
387 492 496 555 Caesar
518 496 641 555 minume
663 496 754 555 comis
781 496 985 574 imperatorin
1001 493 1113 572 templo

68 598 99 634 nn
113 580 205 657 ipsius
221 578 346 654 Augusti
362 595 433 655 quas
446 595 515 638 mox
529 578 724 640 iudicabimus.

67 670 100 724 29
177 664 208 721 b.
226 662 306 739 (ll.)
318 659 464 722 llactenus
476 661 582 722 dictum
598 663 688 722 sit'de
703 661 843 741 dignitate
858 661 929 721 artis
945 661 1133 722 morientisa

66 763 101 804 ss,
118 765 152 799 nr
169 742 280 816 Quibus
296 743 447 805 coloribus
463 746 585 823 singulis
606 746 689 824 primi
707 747 869 823 pinxissent
885 744 1024 820 diximus,
1048 763 1112 804 cum

106 828 146 888 -de
161 827 206 887 his
223 830 379 907 pigmentis
400 828 579 890 traderemus
598 831 627 890 in
643 829 778 890 metallis.
812 830 859 906 qui
877 846 944 888 mon
959 846 1111 907 neogram-

109 920 203 971 malea
219 930 330 990 genera
351 913 480 991 picturae
498 931 578 992 qaae
589 922 738 989 vocantur,
755 913 804 991 qui
819 911 924 972 deinde
937 920 1053 990 atquae
1070 913 1112 970 in-

109 998 244 1056 venerint
260 1005 290 1056 et
308 996 412 1074 quibus
427 994 631 1074 temporibus,
657 996 784 1057 dicemus
806 997 835 1056 in
854 997 1002 1055 mentione
1024 995 1112 1055 artili-

110 1098 189 1155 cum,
214 1081 349 1158 qnoniam
369 1078 496 1141 indicare
517 1089 632 1142 naturas
650 1080 782 1141 colorum
804 1081 886 1159 prior
902 1097 988 1140 causa
1010 1080 1149 1156 operisro

109 1164 233 1222 instituti
252 1171 306 1223 est.
338 1163 451 1222 tandem
475 1183 508 1224 sa
529 1183 576 1224 ars
598 1166 662 1245 ipsa
683 1163 814 1223 distinxit
838 1171 868 1223 et
890 1164 999 1224 invenit
1016 1162 1112 1221 lumen

109 1254 196 1323 atque
218 1245 351 1321 umbras,
381 1245 546 1306 differentia
567 1247 697 1306 colorum
723 1246 835 1308 alterna
855 1246 921 1306 vica
945 1265 1015 1306 sese
1034 1246 1112 1307 exci-

109 1337 197 1389 tante.
241 1337 346 1407 postea
362 1327 466 1388 deinde
483 1329 614 1389 adiectus
631 1339 678 1391 est
694 1329 849 1409 splendor,
875 1329 948 1390 alius
966 1329 1013 1390 bic
1028 1346 1113 1407 quam

109 1411 213 1472 lumen.
256 1412 333 1491 quod
351 1414 428 1471 inter
442 1413 514 1473 baec
532 1423 562 1473 et
575 1417 689 1477 umbras
702 1421 783 1474 esset
800 1412 984 1492 appellarunt
1009 1421 1111 1489 tonon,

109 1498 305 1556 conmissuras
322 1513 395 1556 vero
412 1496 542 1556 colorum
559 1506 589 1556 et
606 1500 745 1558 transitus
761 1497 931 1575 hermogen.
1121 1511 1148 1552 re

66 1591 101 1646 30
174 1579 203 1640 6.
220 1579 302 1658 (12.)
324 1579 395 1640 Sunt
410 1588 506 1640 autem
518 1579 636 1641 colores
648 1582 758 1642 austeri
771 1588 819 1640 aut
831 1579 935 1641 lloridi.
959 1587 1111 1656 utrumque

109 1669 210 1723 natura
224 1671 272 1722 aut
286 1665 410 1723 mixtura
421 1665 527 1724 evcnit.
563 1663 656 1724 floridi
670 1672 735 1725 sunt
746 1698 790 1710 -
803 1681 877 1742 quos
898 1663 1029 1724 dominus
1050 1664 1112 1741 pin-

108 1747 189 1822 genti
211 1755 405 1824 praestat-
426 1749 558 1824 minium,
580 1747 764 1823 Armenium,
785 1747 967 1823 cinnabaris,
991 1745 1111 1822 obryso-

109 1828 201 1906 colla,
225 1829 368 1906 Indicum,
390 1832 604 1910 purpurissum,
630 1832 724 1892 ceteri
746 1832 865 1891 austeri.
911 1829 958 1890 lix
978 1830 1110 1890 omnibus

109 1914 157 1973 alii
173 1923 329 1974 nascuntur
343 1913 391 1974 alii
408 1914 486 1973 liunt.
525 1923 680 1974 nascuntur
697 1913 832 1992 Sinopis,
853 1914 986 1990 rubrica,
1011 1929 1149 1994 paroc-ao

110 1998 235 2074 toninm,
252 1995 406 2072 Melinum,
424 1996 558 2072 Eretria,
575 1999 827 2076 auripigmentum,
845 1999 939 2059 ceteri
953 1999 1109 2075 linguntur,

67 2079 156 2156 35⁸¹&
169 2082 347 2159 primumque
366 2097 440 2158 qnos
455 2081 485 2139 in
500 2080 626 2141 metallis
640 2081 782 2158 diximus,
799 2089 955 2160 praeterea
971 2080 1111 2142 eviliori-

108 2164 164 2222 bus
181 2163 284 2238 ochra,
304 2181 424 2224 cerussa
440 2172 523 2241 usta,
539 2164 713 2243 sandaraca,
729 2165 856 2243 sandyx,
872 2165 1020 2243 Syricum,
1036 2174 1110 2224 atra·

107 2255 241 2306 mentum.

66 2341 98 2396 31
176 2329 258 2408 (13.)
281 2331 399 2411 Sinopis
415 2333 532 2393 inventa
544 2335 665 2412 primum
682 2335 711 2394 in
727 2333 821 2395 Ponto
839 2343 893 2395 est.
924 2332 990 2392 inde
1006 2349 1149 2391 nomenaa

108 2413 250 2493 aSinope
268 2416 349 2476 urbe.
383 2417 511 2478 nascitur
525 2425 556 2478 at
576 2419 606 2477 in
621 2417 777 2497 Aegypto,
796 2416 976 2490 baliaribus,
1000 2413 1110 2490 Africa,

109 2498 162 2558 sed
178 2507 294 2579 optuma
314 2501 343 2560 in
358 2499 466 2562 bcmno
487 2509 517 2562 et
537 2503 567 2561 in
586 2498 768 2579 Cappadocia
788 2498 931 2558 effossae
951 2495 1108 2574 speluncis.

109 2600 175 2660 pars
192 2600 267 2661 quae
281 2585 360 2645 saxis
376 2584 507 2646 adhaesit
525 2583 654 2646 excellit.
690 2581 805 2660 glaebis
821 2598 889 2639 suus
905 2579 1007 2654 colos,
1023 2587 1110 2637 extra

108 2666 281 2727 maculosus.
308 2667 420 2746 hacque
432 2671 476 2728 usi
493 2677 559 2729 sunt
570 2675 690 2726 uetares
707 2664 742 2725 ad
758 2662 954 2743 splendorem.
985 2661 1109 2742 Species

108 2749 256 2827 Sinopidis
281 2759 360 2811 tres:
384 2751 471 2811 rubra
492 2760 522 2810 et
542 2751 634 2809 minus
650 2749 759 2809 rubens
777 2756 864 2826 atque
884 2749 961 2809 inter
976 2747 1028 2807 has
1050 2764 1146 2808 meac

109 2831 187 2890 dias
210 2834 334 2909 pretinm
350 2843 485 2912 optumae
512 2831 595 2893 ΧΗ.
640 2850 708 2891 usus
733 2833 768 2893 ad
793 2832 976 2911 penicillum,
1005 2839 1054 2890 aut
1083 2832 1107 2888 si

65 2914 218 2991 salignam
233 2914 369 2983 colorare
386 2916 484 2976 libeat.
518 2916 581 2976 eius
595 2933 670 2994 quae
685 2935 724 2978 ex
735 2917 834 2977 Africa
851 2919 932 2977 venit
947 2916 1046 2976 octoni
1064 2932 1124 2987 as-¹

108 3015 173 3074 ses,
188 2997 362 3058 cicerculum
377 3000 534 3078 appellant.
568 3002 659 3078 magis
677 3002 786 3062 ceteris
807 3001 911 3077 rubet,
930 2999 1030 3060 utilior
1042 2998 1108 3058 aba·

108 3083 160 3143 cis.
199 3081 275 3143 idem
289 3083 415 3161 pretium
432 3092 462 3144 ct
479 3088 543 3146 eius
559 3102 633 3162 qnae
653 3088 786 3164 pressior
801 3093 923 3146 vocatur
945 3093 975 3144 et
990 3092 1037 3144 est
1051 3099 1108 3140 ma-

107 3185 192 3226 xume
214 3167 303 3227 lusca.
349 3185 419 3228 usus
446 3169 482 3230 ad
506 3169 584 3229 basis
607 3169 771 3231 abacorum.
807 3171 846 3250 in
872 3168 1013 3230 medicina
1035 3180 1144 3226 verost

108 3250 465 3331 blandusemplastrisque
481 3262 511 3315 et
526 3253 718 3332 malagmatis,
737 3255 800 3314 siva
813 3255 889 3314 sicca
900 3252 1108 3331 conpositione

70 3394 72 3398 .
109 3336 171 3396 sive
180 3335 287 3414 liquida
296 3337 653 3415 facilis,contraulcerain
663 3356 764 3399 umore
773 3337 1006 3416 sita,relntoris,
1018 3331 1108 3394 sedis.

107 3419 202 3478 alvom
225 3421 302 3481 sistit
324 3423 434 3498 inlusa,
464 3423 633 3483 laminarum
653 3422 796 3501 prollnria
826 3429 895 3500 pota
916 3419 1015 3480 denari
1038 3432 1110 3495 pon·
