2378 3840
307 203 387 251 usu.
410 201 502 251 rursu.
523 192 659 252 mvn.
680 198 705 254 7.
729 192 878 268 tas-tl.)
1035 188 1090 250 161

91 361 182 436 magis
199 376 283 437 quam
300 358 469 420 accendens.
494 367 560 418 sunt
576 359 623 436 qui
642 358 808 437 praeferant
819 355 961 417 Arabicas
976 356 1094 434 Iudicis,

91 442 274 520 fumidaeque
298 442 480 519 chrysolitho
500 441 565 502 illas
583 442 684 502 similis
708 442 811 502 dicant.
847 440 987 501 Ismenias
1007 451 1095 518 negat

91 525 179 604 poliri
196 526 362 588 sandastros
378 534 502 605 propter
517 527 712 602 teneritatem,
727 533 758 585 ct
772 523 810 583 ob
825 523 854 583 id
866 542 970 602 magno
982 526 1093 585 venire.

92 617 159 668 snut
177 611 224 688 qui
236 609 288 672 has
300 610 469 671 sandrisitas
486 617 603 670 vocent.
628 611 706 670 inter
721 608 813 667 omnis
830 616 944 668 constat
959 616 1095 686 quantum

70 710 213 754 enumero
228 694 379 756 stellarum
390 692 508 754 accedat
521 701 628 753 tantum
643 700 672 752 et
687 691 785 770 pretio
799 691 952 752 accedere.
967 691 1074 752 Adfert
1086 703 1137 758 102

92 775 244 856 aliquando
268 794 400 838 errorem
422 775 578 836 similitudo
608 776 731 835 nominis
755 774 912 835 sandarcsi.
948 773 1095 837 Nicander

92 862 282 922 sandaresion
300 867 403 935 vocat,
428 858 476 919 alii
497 858 692 935 sandaresun,
719 857 832 936 quidam
846 876 920 919 vero
941 858 1015 920 hanc
1031 878 1094 920 san-

92 944 228 1019 dastron,
244 943 322 1003 illam
338 942 540 1018 sandaresum,
561 941 685 1002 inludia
700 950 867 1002 nascentem
882 941 959 1003 illam
978 961 1094 1022 quoque
1143 968 1147 974 ·

93 1034 124 1086 et
149 1025 207 1086 loci
235 1043 341 1086 nomen
367 1025 596 1104 custodientem,
621 1025 688 1087 mali
712 1025 814 1086 colore
835 1033 883 1086 aut
905 1026 964 1087 olei
981 1026 1094 1104 viridis,

57 1123 83 1166 ro
93 1108 224 1168 omuibus
239 1109 430 1187 improbatam.

153 1192 235 1271 (29.)
255 1191 302 1252 Ex
318 1193 422 1255 eodem
433 1212 547 1273 genere
562 1195 723 1256 ardentium
739 1202 786 1256 est
800 1191 913 1271 lychnis
928 1194 1075 1273 appellata
1084 1206 1136 1261 103

92 1294 107 1336 a
122 1275 303 1339 lucernarum
316 1296 451 1357 accensu,
467 1286 525 1338 tum
540 1281 715 1358 praecipuae
730 1280 852 1358 gratiae.
870 1281 999 1340 nascitur
1016 1281 1093 1341 circa

92 1359 256 1421 Orthosiam
273 1370 393 1440 totaque
406 1360 490 1422 Caria
505 1381 539 1421 ac
555 1365 656 1423 vicinis
673 1362 759 1439 locis,
775 1363 828 1423 sed
843 1364 1073 1442 probatissima
1065 1384 1094 1424 ru

90 1431 177 1503 ludis
209 1445 322 1521 quidam
342 1446 542 1504 remissiorem
559 1445 763 1505 carbunculum
784 1463 853 1504 esse
873 1445 1025 1521 dixerunt,
1047 1466 1093 1505 se·

57 1525 211 1589 secundam
230 1527 362 1586 bonitate
379 1544 453 1604 quae
468 1527 569 1586 similis
592 1535 673 1586 esset
688 1525 768 1586 lovis
787 1526 943 1605 appellatis
960 1488 1093 1588 floribus.

92 1617 123 1668 et
146 1609 253 1670 alias
244 1611 363 1669 invenio
389 1609 586 1687 differentias,
612 1627 695 1669 unam
713 1627 787 1687 quae
810 1626 966 1687 purpuram
989 1611 1093 1688 radiet,

92 1692 213 1752 alteram
228 1711 303 1772 quae
320 1710 455 1771 coccum,
469 1691 521 1752 has
539 1693 603 1754 sole
619 1691 794 1753 excalfactas
811 1701 860 1752 aut
877 1695 975 1754 attritu
990 1695 1095 1772 digito·

92 1793 154 1834 rum
168 1775 269 1854 paleas
286 1786 316 1837 et
329 1775 490 1837 chartarum
506 1775 552 1836 iila
568 1778 603 1838 ad
618 1795 652 1837 se
666 1793 781 1854 rapere.

152 1860 235 1939 (30.)
268 1858 331 1921 Hoc
352 1860 427 1920 idem
449 1869 479 1920 et
495 1857 695 1921 Carchedonia
717 1859 816 1921 iacere
833 1859 954 1938 dicitur,
981 1872 1138 1940 quam-104

57 1964 83 2007 eo
93 1960 177 2020 quam
190 1943 281 2004 multo
295 1944 383 2005 vilior
398 1943 564 2024 praedictis
587 1946 715 2005 nascitur
729 1944 764 2004 ad
778 1943 981 2005 Nasamonas
972 1964 1002 2005 ro
1016 1963 1095 2006 mon-

92 2027 187 2106 tibus,
208 2028 322 2090 incolae
344 2036 460 2108 putant,
485 2030 592 2090 divine.
625 2029 810 2090 inueniuntur
835 2028 871 2088 ad
891 2046 1096 2107 repercussum

92 2109 178 2170 lunae
193 2130 325 2172 maxume
342 2112 460 2190 plenae,
477 2111 681 2212 Carthaginem
697 2114 840 2193 quondam
855 2112 1095 2192 deportabantur

92 2193 256 2253 Archelaus
279 2202 310 2253 et
330 2194 359 2253 ia
376 2194 517 2272 Aegypto
534 2199 612 2257 circe
630 2196 746 2258 Thebas
766 2200 845 2259 nasci
864 2198 952 2258 tradit
968 2199 1094 2277 fragilis,

92 2294 237 2353 venosas,
265 2277 400 2336 morienti
426 2277 546 2338 carboni
573 2279 683 2339 similis.
728 2282 845 2356 potoria
867 2300 904 2341 ex
921 2281 975 2341 hac
1001 2291 1030 2341 et
1058 2301 1096 2342 ex

58 2359 227 2436 aolychnide
253 2361 385 2421 factitata
410 2361 545 2437 invenio,
574 2363 667 2421 omnia
689 2370 784 2422 autem
802 2363 877 2421 haec
897 2380 1009 2439 genera
1027 2383 1094 2422 con-

93 2445 245 2504 tumaciter
276 2443 441 2523 scalpturae
466 2445 607 2503 resistunt
640 2451 809 2521 partemque
838 2446 866 2503 in
892 2447 977 2520 signo
1006 2463 1094 2506 cerae

93 2533 202 2588 tenent.

154 2611 238 2690 (31.)
263 2609 288 2670 Ε
309 2610 428 2670 diverso
450 2609 578 2671 adhaec
599 2610 685 2671 sarda
707 2611 858 2671 utilissima
875 2627 949 2688 quae
969 2623 1136 2675 nomeu105

94 2712 157 2755 cum
171 2692 353 2770 sardonyche
368 2696 597 2754 communicavit.
625 2694 688 2773 ipsa
703 2694 833 2772 volgaris
848 2702 878 2754 et
893 2694 1013 2770 primum
1029 2694 1095 2754 Sar-

59 2797 85 2840 so
95 2777 178 2838 dibus
199 2785 336 2856 reperta,
360 2778 413 2837 sed
438 2777 634 2839 laudatissima
656 2780 733 2838 circa
748 2777 914 2854 Babylona,
938 2795 1001 2837 cum
1023 2778 1095 2856 lapi·

95 2861 208 2922 cidinae
224 2862 364 2940 quaedam
379 2860 574 2939 appellantur,
586 2860 744 2923 haerentes
760 2863 790 2921 in
805 2878 878 2923 saxo
894 2861 991 2923 cordis
1007 2863 1093 2923 modo

94 2946 288 3022 reperiuntur.
322 2945 380 3004 hoc
399 2943 546 3004 metallum
574 2945 650 3024 apud
670 2945 776 3007 Persas
801 2945 947 3007 deiecisse
968 2947 1094 3022 tradunt,

95 3027 149 3087 sed
174 3029 360 3089 inueniuntur
379 3028 568 3106 conpluribus
587 3029 652 3090 aliis
673 3029 746 3089 locis
764 3038 795 3089 ut
816 3031 846 3090 in
860 3028 935 3090 Paro
958 3038 988 3089 et
1003 3030 1094 3105 Asso,

94 3112 124 3171 io
150 3111 232 3172 india
258 3114 344 3171 trium
368 3129 525 3189 generum:
556 3113 662 3173 rubrae
694 3120 724 3171 et
749 3131 820 3191 quas
849 3113 963 3192 pionias
989 3120 1096 3172 vocant

59 3213 111 3263 ssa
127 3195 347 3274 pinguitudine,
372 3197 490 3256 tertium
510 3215 604 3273 genus
628 3205 674 3257 est
699 3195 776 3274 quod
797 3197 947 3273 argenteis
970 3195 1093 3256 bratteis

95 3279 253 3342 sublinunt.
282 3279 399 3342 ladicae
414 3280 582 3360 perlucent,
597 3281 760 3342 crassiores
775 3289 841 3340 sunt
854 3278 1008 3340 Arabicae.
1036 3281 1078 3339 in·
1087 3289 1137 3345 106

93 3366 249 3425 veniuntur
263 3373 294 3424 et
308 3366 384 3426 circa
402 3363 535 3424 Leucada
551 3363 633 3444 Epiri
648 3372 679 3426 et
694 3364 874 3443 inAegypto
891 3381 965 3442 quae
980 3363 1095 3424 brattea

95 3463 183 3510 aurea
199 3449 390 3510 sublimantur.
423 3457 454 3510 et
468 3450 498 3509 in
518 3448 562 3509 his
578 3457 674 3510 autem
688 3467 784 3511 mares
801 3449 957 3510 excitatius
969 3448 1109 3520 iubam,

136 3546 214 3592 amru
227 3536 294 3596 uhu.
311 3551 387 3598 ursr.
403 3535 440 3596 V.
909 3531 957 3588 hh
