2378 3840
322 208 403 257 nnn.
415 208 507 257 msa.
522 210 630 257 xxxv.
649 207 736 262 o-a.
752 196 903 278 (ts-ao.)
1066 201 1105 259 77

108 362 139 424 C.
154 363 293 423 Terentio
308 362 434 425 Lucano.
471 364 496 422 is
518 381 574 422 avo
590 381 675 423 suoa
696 381 754 441 quo
770 363 922 441 adoptatus
943 362 1038 421 iuerat
1056 364 1105 422 tri·

105 449 186 525 ginta
211 448 290 524 paria
311 448 340 506 in
360 447 427 507 loro
440 463 495 526 per
511 446 633 507 triduum
652 448 731 507 dedit
750 446 931 524 tabulamque
952 447 1055 523 pictam
1075 448 1105 506 in
1163 477 1170 488 ·

105 547 225 591 nemore
240 530 349 592 Dianae
363 533 471 608 posuit.

168 615 196 676 8.
213 614 296 694 (34.)
311 613 393 675 Nune
408 613 536 675 celebris
550 615 579 673 in
594 631 629 674 ea
643 622 706 675 arte
721 631 804 692 quam
818 630 947 673 maxuma
957 613 1101 672 brevitate
1112 623 1146 677 53

79 719 92 759 5
106 715 282 776 percurram,
295 700 476 776 nequeenim
488 698 610 758 instituti
623 699 723 777 operis
737 707 783 757 est
794 697 860 757 talis
875 697 1040 772 exsecutio,
1051 696 1103 754 ita·

105 799 160 860 que
176 783 314 861 quosdam
329 783 378 843 vel
393 784 422 843 in
438 791 605 844 transcursu
620 790 649 842 et
665 783 694 841 in
710 781 831 841 aliorum
843 781 989 840 mentione
1006 779 1103 839 obiter

103 869 269 928 nominasse
290 868 362 926 satis
384 869 456 942 erit,
484 868 617 944 exceptis
638 882 758 944 operum
778 863 958 924 claritatibus
974 881 1048 942 quae
1073 870 1102 922 et

103 951 166 1026 ipsa
178 951 333 1008 conveniat
348 949 450 1023 attingi
466 948 529 1006 sive
543 956 658 1008 exstant
670 951 733 1008 sive
748 946 933 1008 intercidere.
952 946 1018 1006 Non
1030 964 1098 1006 con·
1109 955 1144 1009 54

104 1040 162 1089 stat
177 1032 233 1090 sihi
248 1032 276 1090 in
291 1029 345 1089 hac
357 1037 441 1107 parte
454 1026 631 1088 Graecorum
645 1029 795 1106 diligentia
811 1029 913 1090 multas
930 1039 998 1107 post
1013 1030 1101 1106 olym·

69 1127 94 1168 so
104 1112 201 1189 piadas
217 1112 393 1172 celebrando
409 1114 539 1191 pictores
557 1128 640 1189 quam
656 1113 811 1173 statuarios
828 1130 863 1172 ac
878 1121 1025 1191 toreutas,
1044 1115 1101 1190 pri-

102 1213 234 1274 mumque
248 1195 409 1274 olympiade
426 1197 630 1273 nonagesima,
646 1214 709 1256 cum
727 1203 757 1257 et
771 1194 889 1254 Phidian
906 1196 998 1274 ipsum
1016 1197 1099 1257 initio

102 1281 246 1358 pictorem
261 1280 353 1340 luisse
369 1279 504 1351 ,tradatur
523 1279 705 1359 clipeumque
721 1278 846 1341 Athenis
866 1278 901 1338 ab
923 1296 960 1339 eo
983 1281 1100 1358 pictum,

102 1373 258 1442 praeterea
280 1366 309 1424 in
330 1365 469 1425 confesso
500 1365 538 1423 sit
555 1365 736 1442 octogesima
756 1365 843 1424 tertia
865 1363 957 1423 luisse
980 1365 1100 1424 fratrem

103 1449 166 1507 eius
180 1448 354 1524 Panaenum,
367 1449 414 1525 qui
427 1447 551 1525 clipeum
567 1450 643 1508 intus
656 1450 747 1526 pinxit
758 1446 842 1507 Elide
855 1446 1004 1508 Minervae
1016 1465 1098 1524 quam

68 1547 92 1588 re
102 1529 213 1590 lecerat
221 1528 343 1589 Colotes
356 1529 514 1606 discipulus
522 1529 641 1590 Phidiae
654 1539 684 1589 et
697 1532 723 1589 ei
739 1532 768 1588 in
783 1529 916 1589 iaciendo
926 1527 1100 1606 loveOlym·

103 1614 151 1690 pio
178 1613 301 1672 adiutor.
349 1611 416 1689 quid
439 1611 516 1690 quod
538 1614 567 1670 in
587 1612 725 1672 confesso
748 1611 869 1689 perinde
895 1620 940 1671 est
962 1612 1095 1672 Bularchi
1107 1625 1140 1677 55

101 1697 224 1774 pictoris
238 1695 380 1770 tabulam,
392 1697 420 1753 in
436 1712 492 1772 qua
504 1703 566 1754 erat
576 1693 741 1771 Magnetum
753 1694 912 1772 proelium,
925 1713 940 1754 a
953 1694 1098 1756 Candaule

101 1797 175 1856 rege
190 1779 296 1855 Lydiae
317 1777 533 1839 Heraclidarunr
550 1779 726 1855 novissimo,
747 1777 794 1856 qui
817 1785 847 1836 et
865 1776 1001 1855 Myrsilus
1020 1782 1098 1839 voci-

102 1871 177 1922 tatus
196 1871 258 1940 est,
275 1881 429 1941 repensam
451 1859 542 1922 auro?
572 1870 648 1922 tanta
666 1863 719 1921 iam
736 1862 864 1939 dignatio
881 1863 1009 1940 picturae
1027 1871 1098 1923 erat.

68 1948 180 2006 aretrca
196 1945 311 2006 Romuli
328 1948 356 2007 id
372 1955 497 2007 aetatem
518 1945 656 2007 acciderit
672 1964 796 2006 necesse
818 1952 880 2023 est,
907 1948 1012 2007 etenim
1029 1947 1098 2006 duo·

102 2028 277 2090 devicesima
292 2030 454 2110 olympiade
472 2031 584 2090 interiit
600 2028 762 2091 Candaules
779 2039 844 2106 aut,
863 2039 894 2089 ut
912 2030 1024 2109 quidam
1042 2037 1099 2090 tra·

44 2151 46 2155 .
101 2112 188 2189 dunt,
208 2114 313 2173 eodem
328 2132 402 2174 anno
419 2131 476 2191 quo
492 2113 649 2192 Romulus,
671 2116 726 2174 nisi
748 2113 852 2191 iallor,
875 2116 1026 2176 manifesta
1043 2115 1098 2174 iam

102 2203 169 2252 tunc
184 2195 316 2255 claritate
329 2199 411 2273 artis,
428 2197 502 2256 adeo
518 2197 715 2258 absolutione.
740 2197 817 2276 quod
827 2199 852 2259 si
867 2201 957 2277 recipi
970 2208 1139 2264 necessest

102 2285 166 2352 est,
194 2276 277 2336 simul
299 2277 437 2354 adpareat
460 2279 550 2339 multo
571 2283 734 2340 vetustiora
751 2283 892 2360 principia
913 2301 1025 2360 eosque
1050 2285 1096 2360 qui

67 2377 93 2418 ac
101 2359 344 2420 monochromatis
365 2361 529 2440 pinxerint,
561 2380 682 2439 quorum
702 2371 782 2421 aetas
805 2380 862 2423 non
882 2365 1017 2439 traditur,
1048 2365 1097 2423 ali-

102 2452 208 2523 quanto
231 2445 428 2521 antefuisse,
451 2443 697 2523 Hygiaenontem,
719 2443 838 2521 Dinian,
864 2444 1040 2505 charmadan
1067 2455 1097 2505 et
1107 2446 1168 2600 J

101 2530 149 2605 qut
176 2530 283 2607 primus
299 2530 326 2588 in
347 2531 459 2608 pictura
474 2546 580 2588 marem
601 2546 616 2587 a
632 2529 737 2588 lemine
755 2527 929 2587 discreverit
944 2527 1097 2587 Eumarum

101 2611 310 2672 Atheniensem
322 2614 429 2691 ligures
440 2612 532 2673 omnis
545 2613 647 2671 imitari
659 2628 773 2686 ausum,
786 2612 892 2688 quique
904 2612 1020 2670 inventa
1033 2611 1096 2671 eius

102 2695 265 2755 excoluerit
279 2694 426 2756 Cimonem
441 2693 628 2756 Cleonaeum.
660 2695 707 2753 hic
718 2694 889 2773 catagrapha
906 2695 1032 2772 invenit,
1042 2693 1141 2784 hocp‘

67 2791 93 2833 eo
103 2785 149 2836 est
171 2777 303 2855 obliquas
318 2781 476 2857 imagines,
498 2788 529 2840 et
545 2782 625 2839 varie
639 2779 766 2839 formare
779 2777 893 2856 uoltus,
910 2779 1096 2856 respicientis

103 2861 383 2937 suspicientisvevel
396 2862 595 2940 despicientis.
613 2860 741 2923 articulis
754 2862 880 2922 membra
893 2863 1036 2939 distinxit,
1047 2792 1120 3011 ve}

102 2959 152 3001 nas
167 2943 305 3021 protulit,
321 2953 497 3023 praeterque
512 2947 542 3004 in
556 2954 641 3005 veste
660 2963 747 3021 rugas
764 2953 793 3004 et
809 2947 887 3005 sinus
906 2948 1027 3006 invenit.
1043 2945 1094 3005 l’a·
1122 2957 1137 3012 7

102 3043 211 3085 naeuus
224 3026 559 3103 quidemlraterPhidiae
574 3031 659 3088 etiarn
672 3028 1042 3106 proeliumhthenieusium
1051 3028 1097 3086 ad·

102 3126 218 3169 versum
230 3109 336 3169 Persas
352 3110 424 3190 apud
439 3110 605 3171 Marathona
620 3112 725 3171 iactum
741 3113 841 3190 pinxit.
858 3113 931 3173 adeo
947 3115 1003 3171 iam
1017 3111 1096 3171 colo·

69 3209 94 3249 se
103 3209 240 3253 rumusus
252 3195 448 3271 increbuerat,
456 3195 588 3273 adeoque
599 3213 645 3254 ars
654 3195 786 3273 perlecta
802 3200 908 3256 erat'ut
922 3197 951 3255 in
965 3214 1002 3255 eo
1011 3214 1096 3274 proe-

102 3275 142 3336 lio
154 3277 284 3336 iconicos
298 3278 386 3337 duces
400 3279 529 3355 pinxisse
544 3279 686 3355 tradatur,
700 3279 922 3340 Atheniensium
936 3279 1096 3358 Miltiaden,

102 3357 317 3438 Callimachum,
332 3359 535 3440 Cynaegirum,
556 3362 743 3423 barbarorum
761 3362 867 3441 Datim,
878 3363 1094 3442 Artaphernem

161 3446 189 3505 9.
206 3445 288 3523 (35.)
307 3442 482 3516 Quinimmo
499 3455 645 3507 certamen
661 3449 747 3508 etiam
763 3448 894 3526 picturae
910 3447 1035 3508 llorente
1055 3467 1092 3506 eo
1105 3421 1166 3508 et(
