2378 3840
124 204 163 265 88
468 215 607 264 comm
624 215 773 264 succuum

112 368 236 446 'quidem
254 377 370 429 secutus
393 366 558 427 humilitatis
580 377 674 428 tamen
691 385 824 426 summam
844 366 965 444 adeptus
991 373 1037 426 est
1055 366 1118 442 glo·

123 453 201 513 riam.
232 453 389 512 tonstrinas
408 451 590 526 sutrinasque
605 452 698 528 pinxit
719 458 748 509 et
769 449 877 509 asellos
894 458 924 508 et
940 451 1061 526 opsonia
1084 468 1118 510 ac

124 535 241 606 similia,
259 535 297 594 ob
312 535 385 593 baec
408 535 626 610 cognominatus
652 531 922 610 rhpparographos,
944 533 1027 590 iniis
1050 550 1118 590 con·

95 683 98 689 ¹
124 626 278 677 summotae
297 617 473 694 voluptatis,
498 617 605 694 quippe
627 633 681 675 eae
702 615 793 692 pluris
814 617 936 675 veniere
958 633 1040 692 quam
1062 632 1118 673 ma-

83 702 99 761 1‘
116 710 244 763 3xumae
257 699 417 759 multorum.
454 697 607 759 lidiverso
619 697 784 774 Maeniana,
800 697 894 775 inquit
906 697 1011 774 Varro,
1025 699 1140 758 omniat

125 783 277 858 operiebat
306 781 475 859 Serapionis
505 781 601 840 tabula
628 781 680 840 sub
706 779 875 840 Veteribus.
921 779 968 838 bic
997 797 1118 840 scaenas

125 873 243 940 optume
277 866 387 942 pinxit,
414 863 466 923 sed
495 863 637 923 bominem
661 865 784 940 pingere
811 881 869 922 non
894 864 987 939 potuit
1019 870 1120 921 contra

122 944 280 1022 Dionysius
296 946 365 1006 nihil
383 946 458 1006 aliud
474 964 556 1024 quam
572 947 702 1007 homines
724 947 833 1023 pinxit,
852 946 890 1005 ob
912 945 940 1004 id
963 945 1119 1021 anthropo-

82 1037 131 1093 114
141 1030 267 1107 graphos
283 1032 512 1107 cognominatus.
542 1029 632 1088 Parva
648 1038 677 1088 et
693 1026 828 1088 Callicles
849 1029 936 1103 lecit,
952 1029 1021 1086 item
1038 1024 1119 1086 Cala-

124 1120 168 1192 tes
186 1115 303 1172 comicis
320 1112 453 1187 tabellis,
476 1120 596 1188 utraque
612 1110 789 1188 Antiphilus.
827 1129 891 1172 nam
913 1119 942 1170 et
961 1109 1117 1169 Hesionam
1128 1127 1152 1168 ro

124 1194 251 1254 nobilem
274 1197 366 1271 pinxit
389 1204 418 1253 et
435 1194 629 1253 Alexandrum
654 1213 687 1253 ac
707 1193 868 1270 Philippum
895 1212 957 1253 cum
978 1191 1119 1267 Minerva,

125 1278 172 1352 qui
190 1286 255 1335 sunt
276 1279 305 1334 in
321 1275 421 1335 schola
444 1278 472 1334 in
490 1274 627 1335 Octaviae
642 1276 818 1352 porticibus,
838 1284 868 1336 et
886 1279 914 1335 in
930 1275 1055 1353 Philippi
1075 1274 1120 1333 Li·

124 1358 224 1417 berum
236 1358 561 1436 patrem,Alexandrum
574 1377 705 1435 puerum,
718 1357 905 1435 Hippolytum
917 1366 998 1417 tauro
1011 1359 1118 1416 emisso

124 1450 384 1518 expavescentem,
403 1444 432 1500 in
441 1441 579 1519 Pompeia
593 1459 665 1501 vero
679 1438 812 1501 Cadmum
825 1451 855 1501 et
869 1441 1016 1518 Europen.
1043 1439 1120 1498 idem

123 1525 232 1583 iocosis
260 1525 375 1584 nomine
398 1523 525 1598 Gryllum
550 1523 699 1583 deridiculi
722 1523 836 1583 babitus
854 1524 965 1602 pinxit,
989 1523 1063 1582 unde
1091 1523 1119 1581 id
1128 1543 1153 1583 rs

123 1623 215 1682 genus
232 1608 359 1683 picturae
380 1606 467 1684 grylli
485 1616 632 1667 vocantur.
671 1609 736 1684 ipse
752 1607 781 1665 in
796 1607 935 1684 Aegypto
951 1613 1033 1665 natus
1049 1605 1120 1665 didi·

82 1699 131 1754 115
144 1691 183 1747 cit
199 1687 404 1749 aGtesidemo.
434 1689 528 1750 Decet
542 1707 600 1749 non
616 1691 697 1750 sileri
714 1698 743 1748 et
758 1688 894 1749 Ardeatis
910 1688 1009 1767 templi
1025 1690 1119 1766 picto-

122 1789 201 1846 rem,
217 1774 391 1850 praesertim
408 1774 525 1831 civitate
542 1771 676 1832 donatum
696 1772 736 1831 ibi
752 1781 781 1831 et
797 1774 921 1831 carmine
937 1770 1013 1848 quod
1029 1779 1074 1830 est
1089 1771 1119 1830 in

124 1855 189 1932 ipsa
205 1857 318 1933 pictura
330 1855 374 1914 bis
391 1855 541 1915 versibus:

164 1937 295 2014 Dignis
317 1937 446 2013 dignu'
465 1936 549 1995 loco
572 1937 735 2014 picturis
759 1935 1039 1996 condecoravit*
1128 1947 1155 1987 ²⁰

165 2021 322 2094 reginae
342 2018 490 2077 lunoni'
514 2020 673 2097 supremi
694 2020 863 2096 coniugi'
886 2019 1059 2097 templum

71 2159 74 2170 „
164 2099 713 2177 Plautiu’tlarcus,cluernsia
731 2101 807 2161 lata
826 2121 908 2162 esse
931 2103 1118 2178 oriundus,

166 2201 269 2260 quem
302 2201 393 2243 nunc
432 2191 467 2242 et
501 2193 586 2260 post
614 2202 760 2263 semper
800 2185 843 2245 ob
879 2193 993 2245 artem
1030 2184 1119 2244 banc

614 2267 737 2328 Ardea
761 2268 901 2344 laudat,

82 2359 133 2416 116
144 2365 235 2426 eaque
265 2357 331 2407 sunt
352 2350 459 2428 scripta
480 2351 604 2428 antiquis
626 2350 731 2411 litteris
756 2351 883 2425 Latmis,
909 2368 967 2409 non
987 2348 1154 2408 fraudem-²⁵

123 2431 160 2491 do
191 2440 221 2491 et
253 2431 280 2491 S.
305 2431 395 2492 Tadio
422 2433 480 2492 divi
509 2433 634 2511 Augusti
663 2443 759 2494 aetate
788 2435 835 2509 qui
865 2433 972 2508 primus
995 2432 1120 2491 instituit

123 2516 351 2575 amoenissimam
375 2517 518 2595 parietum
540 2518 696 2593 picturam,
716 2512 799 2574 villas
817 2521 846 2572 et
870 2513 1000 2590 porticus
1021 2530 1054 2571 ac
1075 2522 1120 2572 to-

123 2599 214 2676 piaria
241 2615 349 2675 opera,
380 2598 479 2674 lucos,
508 2616 641 2695 qemora,
674 2596 774 2694 collis,
807 2596 950 2672 piscinas,
987 2597 1119 2674 euripos,

105 2680 213 2739 lamnis
221 2680 349 2756 ,litora,
367 2681 461 2759 qualia
476 2682 539 2776 quis
557 2688 688 2757 optaret,
707 2680 801 2738 varias
818 2678 858 2738 ibi
875 2678 1118 2739 obambulantium

114 2765 240 2851 species
271 2772 318 2820 aut
345 2764 536 2860 navigantium
562 2771 696 2838 terraque
718 2761 802 2821 villas
831 2762 994 2822 adeuntium
1017 2761 1154 2820 asellisro

118 2822 171 2923 put
196 2842 354 2920 vehiculis,
385 2848 440 2903 iam
466 2845 621 2921 piscantis,
648 2846 813 2942 aucupantis
838 2854 885 2904 aut
910 2845 1042 2904 venantis
1070 2854 1118 2903 aut

82 2937 113 2995 11
144 2927 229 2984 etiam
258 2925 486 2986 vindominantis.
531 2935 596 2985 sunt
624 2927 652 2985 in
679 2929 743 2988 eius
765 2928 979 3025 exemplaribus
1001 2927 1117 2986 nobiles

144 3007 243 3068 alustri
272 3025 391 3067 accessu
416 3008 520 3086 villae,
560 3009 726 3070 succollatis
756 3012 916 3089 sponsione
948 3009 1117 3069 mulieribus

59 3106 62 3113 ·
123 3091 254 3152 labantes
281 3091 402 3168 trepidis
425 3107 499 3168 quae
525 3088 671 3170 feruntur,
695 3093 843 3171 plurumae
865 3101 1018 3172 praeterea
1043 3091 1117 3151 tales

123 3176 253 3252 argutiae
274 3175 442 3234 facetissimi
459 3174 538 3235 salis.
571 3176 647 3235 idem
665 3177 844 3237 subdialibus
864 3177 1018 3236 maritimas
1037 3174 1153 3234 urbisne

124 3261 246 3336 pingere
272 3259 412 3334 instituit,
443 3256 629 3318 blandissimo
657 3269 778 3339 aspectu
810 3261 992 3337 minumoque
1018 3260 1118 3336 inpen-

83 3353 132 3407 118
148 3343 205 3403 dio.
261 3341 318 3405 Sed
348 3344 425 3405 nulla
463 3343 557 3422 gloria
587 3345 727 3404 artibcum
761 3353 807 3405 est
836 3346 891 3405 nisi
923 3347 971 3423 qui
1002 3345 1115 3404 tabulas

113 3428 263 3503 pinxere,
300 3444 338 3487 eo
366 3426 564 3488 venerabilior
592 3429 771 3505 antiquitatis
799 3428 950 3505 prudentia
983 3428 1113 3504 adparet.
