2378 3840
128 175 187 237 164
323 249 324 252 ¹
465 187 494 234 c.
516 187 613 234 emm
635 179 786 235 succum

124 341 231 402 multae
247 342 363 420 species
378 341 508 418 reliquae
525 349 602 417 sunt,
622 339 675 401 sed
687 357 787 403 omnes
803 345 832 402 in
844 345 944 403 vitium
959 343 1134 423 caeruleae,

125 433 156 484 ut
174 424 313 502 crystallo
326 425 436 485 similes
453 433 502 483 aut
513 425 617 500 myxis,
630 426 700 484 item
709 425 949 502 terebinthizusa,
961 427 1134 506 inproprie,

125 518 156 569 ut
172 510 309 587 arbitror,
325 509 515 586 cognomine,
531 506 611 568 velut
627 528 643 568 e
659 509 756 569 multis
776 510 905 571 eiusdem
924 511 1043 586 generis
1061 528 1134 572 con·

126 595 223 671 posita
240 594 371 671 gemmis
403 591 589 671 quamobrem
613 595 843 672 praestantiores
867 594 953 653 lunda
975 592 1136 655 cluduntur

125 686 157 736 ut
172 679 230 736 sint
250 685 384 757 patentes
401 677 435 737 ab
448 684 571 759 utraque
587 685 669 754 parte
685 695 740 737 nec
753 686 872 776 praeter
887 677 1032 754 margines
1050 679 1135 776 quic·
1144 699 1158 739 ι

85 769 134 824 111
147 779 229 840 quam
254 779 325 821 auro
347 755 551 839 amplectente.
589 759 729 819 Vitium
720 777 751 820 ιιι
765 763 801 820 ιιι
822 770 869 821 est
887 769 917 820 et
934 759 1033 820 brevis
1049 762 1136 822 nitor

125 862 182 904 nec
200 845 288 922 longe
313 843 522 922 splendescens
545 852 576 903 et
597 843 640 903 sal
666 851 697 903 et
718 862 791 923 quae
819 845 927 904 ceteris
955 844 1059 904 omnia
1099 854 1134 905 et

126 929 203 988 vitro
219 927 433 1005 adulterantur,
449 927 526 1004 quod
540 928 723 987 manifestum
740 929 788 1004 lit,
805 947 868 988 cum
883 935 966 987 extra
980 926 1134 1003 fulgorem

126 1020 266 1090 spargunt
283 1020 369 1091 atque
385 1028 444 1070 non
459 1012 489 1070 in
500 1030 534 1071 se
545 1011 705 1071 continent.
724 1029 781 1071 nec
795 1011 929 1071 diversae
943 1027 1013 1087 quas
1026 1010 1134 1088 sphra-

125 1096 207 1173 gidas
232 1104 337 1156 vocant
358 1093 475 1174 publico
498 1111 673 1171 gemmarum
705 1094 831 1154 dominio
851 1095 895 1154 his
917 1102 1023 1153 tantum
1044 1094 1131 1173 dato,
1147 1117 1171 1161 ro

83 1191 136 1243 118
147 1181 280 1256 quoniam
304 1185 421 1255 optume
440 1179 567 1253 signent.
602 1179 630 1238 9.
652 1176 743 1236 Totus
764 1195 835 1237 vero
860 1179 958 1238 oriens
981 1193 1034 1254 pro
1052 1195 1134 1240 amu·

126 1262 188 1321 leto
211 1269 330 1337 gestare
351 1277 402 1319 eas
421 1258 552 1319 traditur.
584 1277 658 1337 quae
680 1279 718 1320 ex
735 1261 772 1319 ιιι
788 1261 940 1338 zmaragdo
958 1260 1059 1319 similis
1082 1273 1135 1323 est

126 1362 216 1423 saepe
238 1353 368 1403 traversa
386 1342 454 1402 linia
475 1341 540 1402 alba
564 1342 658 1402 media
678 1345 876 1422 praecingitur
897 1352 926 1403 et
945 1358 1134 1421 monogram-

126 1447 189 1488 mos
205 1435 343 1504 vocatur,
359 1444 432 1504 quae
447 1425 578 1504 pluribus
597 1426 822 1506 polygrammos.
851 1428 921 1488 libet
936 1427 1034 1487 obiter
1050 1431 1134 1488 vani·

125 1520 213 1572 tatem
227 1511 368 1588 Magicam
388 1510 435 1569 hic
454 1528 571 1589 quoqne
586 1528 766 1589 coarguere,
784 1512 917 1589 quoniam
937 1510 1010 1570 hane
1024 1511 1132 1572 utilem
1142 1531 1166 1573 ιι

127 1616 195 1657 esse
212 1595 446 1655 contionantibus
461 1593 659 1672 prodiderunt.
690 1593 744 1653 Est
763 1603 792 1654 et
808 1594 912 1671 onychi
936 1595 1033 1654 iuncta
1054 1612 1134 1672 quae

126 1683 269 1758 iasponyx
282 1687 402 1738 vocatur
417 1685 447 1738 et
461 1678 566 1738 nubem
586 1677 730 1755 conplexa
741 1687 772 1738 et
790 1679 865 1737 nivis
882 1679 990 1737 imitata
1011 1686 1041 1738 et
1060 1680 1135 1740 stel-

126 1764 183 1824 lata
198 1762 293 1823 rutilis
309 1763 423 1842 punctis
446 1769 475 1822 et
491 1761 543 1821 sali
558 1760 707 1838 Megarico
729 1761 830 1821 similis
848 1769 878 1821 et
894 1760 975 1821 uelut
993 1761 1072 1821 fumo
1088 1763 1134 1823 ιιι-

125 1849 214 1924 iecta,
230 1864 304 1925 quae
316 1847 432 1923 capnias
444 1853 573 1905 vocatur.
598 1844 823 1921 Magnitudinem
834 1844 954 1923 iaspidis
966 1845 1133 1922 quindecim

126 1932 270 1990 unciarum
298 1929 419 1989 vidimus
439 1928 646 2005 formatamque
669 1928 736 1987 inde
760 1929 887 2004 elligiem
912 1926 1039 1988 Neronis
1064 1929 1167 1991 tho-ao

125 2022 260 2074 racatam.
424 2071 428 2077 .

85 2108 135 2162 119
194 2093 276 2173 (38.)
294 2094 444 2155 Reddatur
458 2101 488 2153 et
501 2111 554 2172 per
565 2113 598 2153 se
611 2112 719 2171 cyanos
730 2093 946 2154 adcommodato
960 2094 1048 2172 paulo
1062 2105 1133 2158 ante

126 2182 155 2232 et
170 2175 405 2251 iaspidi'uomine
421 2191 438 2232 a
455 2172 556 2232 colore
574 2176 720 2236 caeruleo.
743 2187 859 2258 optuma
882 2178 1034 2255 Scythica,
1061 2178 1134 2240 dein

127 2258 251 2340 Cypria,
274 2267 424 2338 postremo
447 2261 605 2340 Aegyptia.
643 2263 821 2323 adulteratur
841 2279 971 2321 maxume
993 2262 1133 2341 tinctura,

125 2344 212 2423 idque
234 2345 263 2403 in
281 2343 404 2421 gloriam
422 2362 524 2421 regum
539 2344 670 2424 Aegypti
693 2346 883 2442 adscribitur,
906 2345 999 2420 etqui
1018 2347 1166 2423 ριιιιιιιιιι

128 2429 221 2488 tinxit.
249 2427 385 2488 dividitur
400 2436 495 2489 autem
511 2437 541 2488 et
559 2428 654 2489 haec
646 2448 676 2488 ιιι
692 2430 778 2487 maris
793 2427 981 2522 feminasque.
1005 2427 1084 2486 inest
1104 2433 1134 2490 ei

125 2511 278 2590 aliquando
312 2519 343 2571 et
371 2529 476 2571 aureus
509 2511 605 2591 pulvis
633 2510 724 2590 qualis
754 2508 891 2586 sappiris.
932 2508 961 2567 in
987 2508 1024 2567 iis
1052 2513 1135 2574 enim

126 2613 224 2656 aurum
241 2596 355 2672 punctis
371 2595 517 2656 conlucet.

84 2688 136 2741 120
189 2677 271 2756 (39.)
295 2676 458 2738 Caeruleae
479 2687 509 2738 et
529 2677 656 2755 sappiri,
677 2693 829 2753 rarumque
855 2685 887 2735 ut
907 2695 971 2737 cum
989 2693 1133 2758 purpura,

127 2768 261 2838 optumae
276 2760 352 2838 apud
365 2760 486 2837 idedos,
505 2777 644 2838 nusquam
660 2767 754 2819 tamen
769 2761 944 2839 perlucidae.
972 2767 1168 2839 praeteream

127 2839 244 2901 inutiles
260 2842 415 2919 scalpturis
431 2841 693 2902 intervenientibus
711 2845 887 2920 crystallinis
904 2845 1021 2905 centris.
1053 2862 1133 2922 quae

127 2933 192 2986 sunt
208 2927 296 2985 exiis
312 2927 414 3001 cyanei
429 2926 539 2985 coloris
555 2943 651 2986 mares
666 2928 874 2989 existimantur.

86 3021 134 3073 121
190 3007 270 3091 (40.)
291 3007 375 3067 nlius
399 3026 437 3067 ex
455 3009 511 3068 hoc
533 3009 605 3068 ordo
627 3013 781 3089 purpureis
805 3011 919 3072 dabitur
937 3020 984 3071 aut
999 3027 1074 3088 quae
1092 3012 1132 3072 ab

126 3096 162 3154 iis
178 3091 365 3154 descendunt.
387 3090 580 3171 Principatum
595 3094 747 3171 amethysti
763 3099 863 3156 tenent
880 3094 1012 3169 Indicae,
1031 3091 1085 3153 sed
1101 3096 1132 3155 ιιι

129 3177 257 3239 Arabiae
277 3193 393 3257 quoque
412 3184 494 3255 parte
511 3195 587 3255 quae
603 3178 721 3237 finitima
738 3178 841 3255 Syriae
856 3177 944 3238 Petra
958 3184 1080 3237 vocatur
1099 3188 1131 3238 et
1141 3190 1166 3231 ³⁵

127 3262 156 3320 in
172 3261 309 3322 Armenia
324 3262 436 3321 minore
455 3269 484 3321 et
499 3261 640 3340 Aegypto
662 3271 692 3322 et
711 3260 821 3322 Galatia
840 3263 1042 3341 reperiuntur,
1065 3277 1131 3321 sor·

128 3343 293 3406 didissimae
316 3354 411 3406 autem
433 3346 650 3422 vilissimaeque
668 3348 697 3405 in
715 3344 810 3406 Thaso
829 3353 859 3406 et
874 3343 981 3424 Cypro.
1013 3360 1130 3406 causam

112 3429 245 3490 nominis
260 3429 399 3493 adierunt
415 3429 494 3513 quod
509 3448 601 3511 usque
616 3429 723 3490 aduini
740 3428 870 3490 colorem
888 3428 1029 3490 accedens
1045 3428 1130 3506 prius
