2378 3840
349 188 428 236 uxr.
452 188 542 235 rursu.
565 189 672 234 xxxv.
697 187 737 238 ro.
761 175 832 256 (36.)
1047 175 1084 237 81

93 344 185 423 pinxit
204 344 283 401 iuxta
298 341 418 417 Satyros
444 341 544 416 thyrso
565 340 701 417 pollicem
724 343 786 400 eius
807 341 964 400 metientis.
1002 336 1110 418 atque}

92 429 121 486 in
136 427 219 485 unius
235 425 317 484 huius
333 420 472 502 o'perihus
490 422 671 499 intellegitur
686 423 750 501 plus
767 440 883 500 semper
899 439 981 499 quam
998 425 1090 499 pingi·
1108 422 1113 487 ἱ

93 518 139 568 tur
159 516 206 584 et,
230 526 292 568 cum
307 510 344 566 sit
361 525 407 566 ars
428 524 549 582 summa,
566 507 711 582 ingenium
731 514 824 565 tamen
840 505 914 564 ultra
928 514 1019 564 artem
1035 514 1088 564 est.
1106 512 1111 525 ¹

92 592 185 669 pinxit
207 599 237 650 et
256 590 346 651 heroa
362 589 568 649 absolutissimi
593 591 692 666 operis
709 596 800 648 artem
817 590 907 665 ipsam
928 587 1089 665 conplexus

71 675 173 733 cviros
201 674 355 752 pingendi,
385 671 463 750 quod
485 689 559 749 opus
585 689 659 730 nunc
677 671 786 730 Romae
815 673 843 729 in
871 670 980 748 templo
1007 669 1090 728 Pacis

93 764 146 816 est.
192 757 235 836 [7]
254 755 410 815 Euxinidas
433 755 486 813 hac
504 762 599 813 aetate
622 755 720 813 docuit
738 753 888 812 Aristiden
910 753 1088 831 praeclarum
1099 761 1132 816 75

92 840 248 915 artificem,
263 838 431 916 Eupompus
448 837 625 915 Pamphilum
639 837 753 914 Apellis
772 845 1002 914 praeceptorem.
1036 835 1090 894 Est

91 921 235 998 Eupompi
257 923 351 979 victor
375 921 531 979 certamine
554 921 688 996 gymnico
710 919 829 997 palmam
848 927 959 979 tenens.
997 921 1088 996 ipsius

92 1005 249 1062 auctoritas
273 1010 350 1061 tanta
372 1003 425 1060 luit
447 1011 477 1060 ut
498 1002 630 1060 diviserit
650 1004 790 1078 picturam
810 1004 838 1061 in
860 1019 980 1079 genera.
1016 1018 1108 1078 quae.

58 1108 82 1148 ro
93 1093 159 1144 ante
168 1103 232 1143 eum
240 1084 296 1143 duo
308 1082 621 1143 luere—Helladicum
635 1084 832 1143 etAsiaticum
846 1083 1089 1162 appellabant—,
1118 1124 1121 1155 ;

93 1175 216 1245 propter
230 1166 319 1242 hunc,
335 1168 383 1244 qui
400 1174 462 1227 orat
477 1165 648 1244 Sicyonius,
668 1167 761 1226 diviso
777 1166 927 1227 Helladico
946 1167 1000 1224 tria
1016 1166 1091 1224 iacta
1117 1164 1122 1253 ‘p

93 1259 175 1326 sunt,
198 1249 342 1324 lonicum,
364 1249 544 1326 Sicyonium,
568 1249 704 1309 Atticum.
737 1250 780 1328 [8]
799 1248 937 1333 Pamphili
950 1249 1085 1325 cognatio
1098 1256 1131 1315 76

93 1341 123 1392 et
143 1332 286 1411 proelium
310 1332 344 1391 ad
369 1332 530 1392 Phliuntem
554 1350 587 1392 ac
609 1335 730 1393 victoria
752 1333 989 1408 Atheniensium,
1020 1333 1088 1390 item

94 1414 196 1474 Ulixes
215 1418 245 1475 in
262 1424 334 1474 rate.
367 1417 431 1494 ipse
447 1415 567 1475 Macedo
587 1418 722 1491 natione,
743 1415 795 1474 sed
811 1417 918 1492 primus
934 1415 963 1473 in
978 1415 1104 1491 pictura·

59 1521 82 1560 15
94 1499 224 1557 omnihus
236 1497 342 1556 litteris
358 1498 497 1573 eruditus,
513 1499 669 1576 praecipue
682 1498 861 1557 arithmetica
875 1505 905 1556 et
916 1497 1090 1572 geometria,
1102 1504 1107 1567 j

93 1581 157 1639 sine
173 1579 276 1657 quihus
291 1581 416 1656 negabat
431 1588 522 1638 artem
537 1581 637 1657 perlici
655 1598 762 1657 posse,
782 1580 879 1639 docuit
894 1581 1036 1638 neminem
1049 1570 1106 1638 ta-⁴³

94 1662 174 1722 lento
184 1663 303 1721 minoris
316 1661 583 1740 annuisXD,quam
594 1662 758 1722 mercedem
770 1661 929 1739 etApelles
941 1670 970 1720 et
983 1660 1090 1721 Melan-

93 1744 169 1803 thius
177 1743 285 1804 dedere
299 1747 337 1804 ei.
356 1745 617 1804 huiusauctoritate
627 1745 761 1804 ellectum
769 1753 814 1804 est
822 1744 946 1821 Sicyone
956 1746 1086 1821 primum,
1098 1753 1128 1807 77

93 1827 198 1887 deinde
219 1829 248 1887 in
265 1837 324 1887 tota
341 1826 479 1903 Graecia,
499 1836 528 1886 ut
545 1829 628 1906 pueri
644 1829 761 1905 ingenui
784 1829 877 1887 omnia
893 1835 959 1887 ante
975 1826 1089 1902 graphi-

59 1929 164 1988 mcen,
186 1911 242 1971 hoc
263 1920 308 1971 est
327 1913 480 1990 picturam,
501 1912 530 1970 in
551 1912 629 1971 huxo
649 1912 825 1970 docerentur
848 1911 1091 1987 recipereturque

93 2012 139 2054 ars
156 2013 191 2055 ea
210 1997 239 2054 in
254 1997 374 2072 primum
393 1993 511 2070 gradum
526 1994 697 2056 liberalium.
728 2011 844 2073 semper
865 1991 979 2070 quidem
995 1990 1100 2050 honos*

93 2079 121 2136 ei
135 2077 188 2136 luit
203 2086 233 2136 ut
248 2079 366 2154 ingenui
383 2096 445 2137 eam
461 2087 652 2156 exercerent,
667 2095 736 2138 mox
750 2086 782 2137 ut
795 2077 928 2151 honesti,
945 2012 1106 2217 perpetucj

93 2160 247 2218 interdicto
261 2178 298 2218 no
317 2161 437 2219 servitia
452 2160 636 2221 docerentur.
673 2161 741 2221 ideo
758 2179 852 2237 neque
872 2163 900 2218 in
917 2158 971 2219 hac
993 2175 1070 2235 nequ

93 2243 122 2298 in
137 2243 280 2299 toreutice
298 2240 383 2298 ullius
399 2243 446 2317 qui
468 2245 603 2302 servierit
618 2261 707 2320 opera
723 2243 918 2303 celebrentur.
949 2242 992 2319 [9]
1009 2238 1131 2305 clarite

59 2330 123 2388 met
142 2319 228 2380 GVll.
243 2320 405 2398 olympiade
418 2324 559 2382 exstitere
572 2324 681 2383 Aetion
697 2333 727 2384 et
740 2323 955 2383 Therimachus.
988 2323 1090 2382 Aetio⁴

94 2407 137 2464 nis
156 2412 221 2463 sunt
236 2403 351 2464 nobiles
367 2405 496 2481 picturae
508 2402 596 2464 hiber
611 2413 710 2483 pater,
727 2409 796 2465 item
808 2405 972 2481 Tragoedia
987 2413 1018 2464 et
1034 2403 1089 2464 Go-

92 2487 221 2563 moedia,
237 2488 402 2548 Semiramis
422 2504 459 2545 ex
474 2487 575 2546 ancilla
591 2505 711 2563 regumn
725 2490 878 2565 apiscens,
896 2504 966 2546 anus
984 2486 1088 2562 lampa-

92 2571 142 2630 das
157 2571 328 2647 praeferens
343 2579 374 2631 et
389 2587 463 2629 nova
478 2578 566 2647 nupta
582 2568 754 2629 verecundia
769 2569 915 2629 notabilis.
947 2567 1011 2646 {llll
1028 2566 1086 2626 Ve-
1097 2579 1131 2643 po

92 2668 153 2711 rum
170 2661 200 2710 et
213 2655 304 2712 omnis
315 2655 395 2732 prius
408 2655 525 2730 genitos
538 2653 710 2731 futurosque
723 2660 827 2730 postea
839 2652 987 2728 superavit
999 2649 1023 2707 A
1028 2650 1088 2727 pel·
1106 2670 1110 2679 ·

58 2734 137 2794 aoles
150 2731 228 2794 Cous
250 2735 411 2813 olympiade
427 2734 516 2795 cxtl.
553 2736 684 2815 picturae
702 2734 783 2812 plura
798 2733 878 2794 solus
896 2750 989 2811 prope
1005 2688 1112 2810 quam)

93 2817 184 2877 ceteri
204 2833 302 2876 omues
321 2819 458 2892 contulit,
482 2817 673 2878 voluminibus
689 2819 774 2878 etiam
790 2816 874 2877 editis
893 2834 966 2894 quae
982 2814 1102 2884 doctri-²3

92 2916 156 2957 nam
172 2917 232 2958 earn
248 2900 405 2958 continent.
437 2901 592 2979 praecipua
604 2903 666 2961 eius
678 2903 707 2960 in
721 2907 784 2960 arte
797 2908 933 2960 venustas
945 2901 1009 2976 luit,
1025 2917 1088 2958 cum

92 2981 192 3041 eadem
215 2989 309 3041 aetate
330 2983 451 3041 maxumi
475 2983 604 3060 pictores
630 2991 747 3058 essent,
773 2999 892 3060 quorum
914 3000 1004 3061 opera
1025 2990 1098 3063 cums

92 3063 280 3124 admiraretur
298 3064 428 3123 omnihus
450 3064 643 3141 conlaudatis,
674 3066 780 3124 deesse
799 3065 876 3125 illam
895 3081 973 3124 suam
990 3063 1097 3122 Vere.

56 3173 81 3214 ss
91 3164 151 3206 rem
167 3146 300 3223 dicebat,
317 3164 398 3224 quam
411 3145 514 3208 Graeci
529 3145 646 3208 charita
660 3156 781 3225 vocant,
797 3155 896 3208 cetera
911 3146 1003 3205 omnia
1019 3160 1097 3221 con-p

92 3230 215 3307 tigisse,
230 3230 282 3291 sed
298 3229 351 3289 hac
369 3229 431 3290 sola
447 3230 502 3290 sihi
518 3233 659 3292 neminem
674 3249 781 3310 parem.
818 3238 848 3290 et
864 3229 946 3289 aliem
961 3227 1082 3304 gloriam
1095 3236 1129 3291 80

90 3315 258 3392 usurpavit,
281 3331 343 3373 cum
366 3312 542 3391 Protogenis
566 3332 638 3393 opus
663 3317 784 3376 inmensi
811 3313 920 3373 laboris
943 3327 976 3369 ac
1001 3326 1087 3369 curae

91 3398 312 3472 supramodum
335 3398 436 3457 anxiae
460 3399 628 3475 miraretur,
651 3399 722 3459 dixit
739 3401 812 3459 enim
835 3397 929 3457 omnia
951 3392 1007 3453 sihi
1023 3409 1086 3452 cum

131 3493 208 3538 nunu
224 3496 293 3544 nar.
308 3496 385 3541 ursr.
402 3481 439 3540 V.
905 3480 929 3537 h
