2378 3840
87 188 89 195 '
141 196 201 258 180
245 208 275 256 c.
295 208 392 258 77777
409 208 560 257 succum
581 209 660 257 nur.
682 209 773 257 77777.
793 160 1136 275 narraremus.)

140 365 333 440 excitatione,
349 381 501 424 servorum
515 364 675 440 exercitio,
691 381 846 442 corporum
860 362 1044 423 humanorum
1058 364 1136 424 duri-

97 459 149 512 204
160 451 217 526 tia,
238 447 420 508 vehementia
442 447 548 507 cordis.
585 447 667 526 (78.)
688 446 796 507 Rerum
818 454 915 508 autera
934 447 1062 524 ipsarum
1077 465 1137 507 ma-

137 550 251 592 xumum
276 539 322 590 est
349 532 471 609 pretium
498 532 528 590 in
550 531 621 590 mari
643 533 821 591 nascentium
839 531 1019 607 margaritis,
1050 539 1137 591 extra

139 615 273 676 tellurem
302 613 465 690 crystallis,
503 616 578 675 intra
606 614 764 689 adamanti,
795 613 971 690 zmaragdis,
1001 616 1137 691 gemmis,

138 698 310 775 uuyrrhinis,
337 716 353 757 e
376 706 455 757 terra
475 715 547 758 vero
571 698 745 758 exeuntibus
771 698 801 756 in
823 713 932 773 cocco,
961 696 1077 773 lasere,
1107 699 1159 760 ius

137 781 241 842 ironde
263 780 370 858 nardo,
390 780 499 841 Sericis
521 782 672 856 vestibus,
696 781 725 839 in
745 779 852 839 arbore
868 781 960 856 citro,
979 781 1008 839 77
1028 781 1138 840 1777700

138 867 284 941 cinnamo,
306 865 401 940 casia,
422 882 551 943 amomo,
572 864 687 925 arboris
701 871 750 922 aut
764 864 876 922 fruticis
892 880 962 923 suco
977 864 1005 922 in
1021 864 1137 941 sucino,

139 947 346 1026 opobalsamo,
368 966 479 1025 murra,
501 956 582 1024 ture,
602 950 632 1006 in
653 946 798 1007 radicibus
814 954 908 1005 costo.
944 961 984 1005 ex
1003 947 1038 1005 iis
1060 951 1137 1023 quae

139 1033 250 1110 spirare
266 1033 403 1091 convenit
423 1031 592 1091 animalibus
608 1033 638 1089 in
654 1038 731 1090 terra
748 1048 906 1088 maxumum
925 1029 1059 1090 dentibus
1075 1029 1138 1090 ele·

138 1115 326 1193 plantarum,
345 1115 374 1172 in
392 1116 462 1174 mari
480 1114 655 1174 testudinum
676 1114 796 1189 cortici,
816 1114 845 1171 in
867 1121 989 1189 tergore
1006 1112 1137 1190 pellibus
1148 1140 1172 1180 10

139 1216 209 1275 quas
225 1196 313 1257 Seres
328 1197 456 1256 inliciunt
471 1205 502 1256 07
517 1196 644 1257 Α7717770
661 1212 811 1274 caprarum
825 1195 895 1254 villo
912 1195 989 1272 quod
1005 1195 1138 1255 ladanum

98 1303 124 1344 n,
139 1302 162 1336 rs
178 1280 360 1354 vocavimus,
382 1297 421 1338 ex
440 1280 477 1338 iis
493 1295 567 1356 quae
585 1287 701 1340 terrena
721 1286 751 1338 ct
767 1280 853 1337 maris
871 1277 1046 1356 conchyliis,
1069 1296 1138 1357 pur·

138 1380 237 1440 purae.
270 1361 420 1422 volucrum
437 1370 556 1422 naturae
573 1372 692 1441 praeter
708 1379 800 1422 conos
819 1360 945 1422 bellicos
960 1371 991 1423 07
1007 1361 1137 1421 Comma·

137 1464 244 1524 genum
261 1463 395 1505 anserum
414 1445 526 1525 adipem
540 1446 646 1507 nullum
662 1447 815 1506 adnotatur
828 1445 951 1521 insigne.
982 1462 1039 1505 non
1052 1463 1139 1523 prae·

139 1529 308 1594 tereundum
331 1538 377 1589 077
403 1547 474 1589 auro
495 1530 572 1590 circa
602 1530 679 1608 quod
703 1547 803 1589 omnes
826 1528 964 1588 mortales
991 1530 1138 1589 insaniunt
1150 1557 1172 1596 15

138 1612 287 1672 decumum
301 1613 351 1671 7777
366 1631 434 1673 0770
448 1614 479 1672 77
493 1614 591 1691 pretio
606 1614 717 1690 locum,
734 1619 857 1688 argento
875 1629 948 1670 7070
963 1629 1021 1688 quo
1036 1629 1138 1671 aurum

139 1697 243 1756 emitur
257 1713 350 1774 paene
365 1697 562 1757 vicensimum.

95 1789 147 1843 205
201 1778 305 1860 Salve,
324 1797 431 1857 parens
453 1798 549 1839 rerum
574 1780 696 1840 omnium
710 1777 819 1838 Natura
826 1820 837 1855 ,
858 1787 946 1854 teque
967 1777 1052 1838 nohis
1068 1776 1139 1850 Qui-

138 1863 234 1923 ritium
250 1861 322 1923 solis
336 1862 514 1924 celebratam
529 1882 596 1925 esse
612 1863 738 1923 numeris
754 1862 886 1921 omnibus
903 1862 959 1921 tuis
974 1863 1049 1921 lave.
