2378 3840
265 199 347 246 unu.
363 197 453 247 ursa,
472 197 612 244 xxxnn.
634 194 753 251 16-18.
770 185 922 263 (st—so.)
1052 186 1092 250 63

88 357 214 415 mixtura
224 352 296 413 utile
313 362 370 433 cst,
387 371 484 432 neque
496 361 648 430 argentum
664 372 703 413 ex
717 369 754 413 eo
767 351 942 430 plumbatur,
958 356 1093 430 quoniam

89 441 170 518 prius
200 437 338 516 liquescit
363 447 525 516 argentum.
564 437 808 515 consumuntque,
837 436 862 495 si
886 437 978 495 minus
1000 437 1068 497 albo
1085 448 1135 504 162

74 523 165 599 nigri
179 539 261 600 quam
277 524 348 582 satis
365 526 403 582 sit
414 519 582 598 misceatur,
599 521 682 580 erodi
699 521 735 580 ab
752 538 788 580 eo
805 528 964 597 argentum.
996 520 1093 582 album

89 607 255 683 incoquitur
270 608 368 666 aereis
388 607 529 685 operibus
549 603 705 665 Galliarum
722 607 842 664 invento
860 606 900 663 ita
923 613 954 663 ut
970 606 1020 664 vir
1036 605 1093 665 dis·

68 691 170 751 socrui
186 691 282 768 possit
297 691 333 750 ab
346 699 481 768 argento,
495 708 588 768 eaque
604 690 751 749 incoctilia
763 688 918 767 appellant.
943 689 1048 750 deinde
1064 698 1094 750 et

90 783 241 851 argentum
263 776 424 852 incoquere
441 774 527 834 simili
543 773 630 833 modo
653 790 784 852 coepere
805 789 944 850 equorum
961 791 1092 834 maxume
1115 806 1118 811 -

90 860 267 918 ornamentis
288 861 542 936 iumentorumque
566 875 600 916 ac
621 858 753 934 iugorum
778 856 880 916 Alesia
899 858 1024 936 oppido,
1048 877 1094 918 re-

90 943 167 1019 liqua
187 941 283 1018 gloria
298 941 459 1018 Biturigum
480 942 541 1001 luit.
579 958 710 1018 coepere
724 939 828 1000 deinde
845 948 875 1001 et
896 942 1002 1001 esseda
1022 960 1073 1002 sua
1086 950 1136 1006 163

90 1025 270 1100 colisataque
286 1042 320 1083 ac
334 1024 463 1102 petorita
480 1040 624 1083 exornare
641 1023 725 1082 simili
739 1023 837 1101 modo,
852 1042 928 1102 quae
943 1026 998 1083 iam
1013 1024 1093 1084 luxu·

56 1109 133 1174 10ria
149 1107 184 1166 ad
201 1125 289 1168 aurea
311 1125 429 1186 quoque
445 1125 503 1166 uon
525 1106 612 1166 modo
631 1116 774 1185 argentea
790 1109 926 1168 staticula
945 1110 1093 1187 pervenit,

91 1209 224 1270 quaeque
249 1192 279 1251 in
301 1191 418 1270 scyphis
440 1192 521 1251 cerni
545 1191 699 1270 prodigum
714 1201 794 1270 erat,
817 1193 891 1254 haec
906 1195 934 1252 in
952 1192 1094 1254 vehiculis

90 1277 175 1337 atteri
196 1276 289 1336 cultus
310 1285 439 1336 vocatur.
476 1274 588 1336 Plumbi
610 1275 667 1336 albi
693 1278 925 1354 experimentum
946 1279 976 1337 in
996 1277 1094 1337 cbarta

90 1369 154 1438 est,
184 1368 215 1420 ut
237 1361 424 1439 liquefactum
450 1360 581 1438 pondere
604 1360 738 1421 videatur
759 1378 817 1420 non
844 1361 943 1422 calore
965 1365 1090 1439 rupisse.

90 1444 171 1504 lndia
187 1463 283 1522 neque
297 1463 349 1504 aes
362 1462 459 1523 neque
476 1444 621 1521 plumbum
632 1443 721 1504 habet
735 1446 917 1523 gemmisque
934 1463 968 1504 ac
984 1463 1095 1522 marga·

56 1554 81 1594 rs
91 1528 155 1588 ritis
171 1529 231 1587 suis
248 1526 321 1587 baec
336 1535 489 1604 permutat.

155 1613 237 1689 (49.)
259 1609 352 1688 Nigro
378 1609 496 1688 plumbo
520 1609 555 1669 ad
571 1610 682 1670 listulas
703 1610 871 1688 lamnasque
886 1611 1008 1689 utimur,
1031 1611 1138 1677 la-164

90 1696 239 1757 boriosius
266 1695 294 1754 in
319 1693 457 1772 Hispania
482 1702 567 1753 eruto
594 1702 729 1772 totasque
755 1711 810 1772 per
832 1692 958 1773 Gallias,
991 1696 1095 1757 sedin
1174 1752 1180 1767 ,

90 1781 237 1842 Britannia
253 1796 362 1839 summo
376 1787 474 1838 terrae
487 1778 569 1838 corio
582 1777 656 1838 adeo
669 1777 752 1855 large
767 1787 798 1838 ut
814 1777 865 1838 lex
878 1780 956 1839 ultro
972 1779 1094 1856 dicatur,

91 1884 128 1925 ne
144 1864 209 1943 plus
226 1873 309 1926 certo
325 1863 412 1924 modo
429 1863 488 1923 liat.
522 1863 598 1940 nigri
617 1862 777 1939 generibus
795 1862 868 1923 haec
880 1873 946 1922 sunt
963 1864 1093 1922 nomina:

56 1948 278 2028 aolovetanum‚
308 1947 520 2028 Caprariense‚
542 1947 750 2024 Oleastrense‚
775 1965 830 2008 nec
851 1947 1016 2009 differentia
1037 1945 1095 2005 ulla

92 2035 188 2093 scoria
202 2034 289 2095 modo
305 2043 427 2094 excocta
444 2032 611 2109 diligenter.
643 2034 744 2094 mirum
763 2033 793 2093 in
814 2033 859 2094 bis
875 2032 947 2094 solis
968 2031 1095 2092 metallis

92 2118 169 2194 quod
198 2117 339 2178 derelicta
366 2118 492 2179 fertilius
519 2118 715 2178 revivescunt.
744 2114 804 2178 boc
830 2118 945 2179 videtur
970 2119 1137 2180 lacere165

92 2200 196 2260 laxatis
216 2201 399 2276 spiramentis
415 2201 451 2260 ad
472 2201 638 2262 satietatem
657 2203 769 2262 infusus
786 2221 839 2262 aer
853 2221 947 2281 aeque
969 2212 1000 2261 ut
1010 2200 1095 2277 iomi-

93 2302 143 2342 nas
156 2281 292 2359 quasdam
305 2284 492 2342 fecundiores
504 2283 605 2343 iacere
621 2285 751 2344 abortus.
774 2303 868 2362 nuper
883 2287 912 2346 id
923 2295 1096 2364 conpertum

57 2369 123 2428 asin
145 2366 264 2428 Baetica
286 2366 461 2427 samariensi
486 2366 622 2442 metallo,
645 2366 722 2443 quod
747 2367 838 2428 locari
863 2369 979 2429 solitum
1009 2368 1096 2436 X66

93 2452 209 2528 annuis,
233 2460 387 2530 postquam
410 2449 610 2510 oblitteratum
626 2458 705 2529 erat,
721 2448 748 2509 X
762 2461 822 2513 m
838 2452 962 2512 locatum
979 2461 1032 2512 est.
1058 2455 1095 2514 si-

92 2535 152 2595 mili
174 2534 262 2596 modo
289 2535 484 2596 Antonianum
510 2534 540 2593 iu
565 2533 666 2594 eadem
687 2535 840 2612 provincia
860 2539 922 2615 pari
947 2535 1095 2599 locatione

93 2621 231 2696 pervenit
246 2619 281 2680 ad
292 2619 349 2681 HS.
365 2621 460 2688 6666
475 2617 636 2696 vectigalis.
672 2620 773 2680 mirum
791 2629 821 2682 et
840 2621 935 2683 addita
950 2639 1023 2700 aqua
1038 2639 1096 2681 non

94 2702 263 2780 liquescere
279 2721 349 2763 vasa
365 2724 381 2763 e
396 2703 532 2782 plumbo,
554 2702 672 2781 eadem,
692 2705 717 2764 si
733 2706 762 2765 iu
780 2723 852 2784 aqua
870 2705 989 2766 addatur
1003 2706 1096 2765 calcu-

59 2803 85 2845 ao
95 2785 140 2846 lus
159 2785 208 2846 vel
225 2804 331 2846 aereus
348 2786 508 2865 quadrans,
523 2788 635 2864 peruri.

172 2869 219 2930 18.
237 2869 320 2948 (50.)
340 2869 373 2928 ln
397 2870 540 2932 medicina
560 2888 616 2949 per
638 2889 671 2932 se
694 2871 801 2949 plumbi
825 2889 894 2930 usus
915 2873 1068 2933 cicatrices
1089 2884 1139 2939 166

94 2954 257 3032 reprimere
278 2953 499 3034 adalligatisque
523 2953 686 3014 lumborum
714 2963 744 3014 et
764 2956 875 3016 renium
895 2958 971 3034 parti
995 2956 1095 3018 lamnis

94 3038 247 3116 frigidiore
264 3045 365 3098 natura
380 3036 515 3098 inhibere
528 3039 652 3116 impetus
667 3040 797 3117 veneris,
814 3041 936 3118 visaque
951 3041 981 3100 in
997 3041 1096 3119 quiete

98 3123 217 3182 veneria
243 3130 351 3200 sponte
377 3130 497 3183 naturae
523 3123 705 3200 erumpentia
727 3141 818 3200 usque
841 3124 870 3182 in
892 3141 987 3199 genus
1001 3124 1096 3186 morbi

63 3204 141 3272 oshis
162 3206 264 3267 lamnis
287 3204 394 3268 Calvus
426 3214 527 3267 orator
556 3205 726 3267 cohibuisse
756 3226 789 3267 se
818 3205 939 3266 traditur
967 3208 1097 3284 virisque

97 3293 231 3370 corporis
247 3291 407 3354 studiorum
421 3291 516 3351 labori
530 3289 703 3352 custodisse.
726 3288 820 3369 Nero,
835 3291 969 3368 quoniam
984 3293 1023 3353 ita
1038 3291 1098 3370 pla·

97 3377 156 3435 cuit
171 3376 231 3454 dis,
248 3378 403 3455 princeps,
418 3375 511 3437 lamna
525 3376 639 3454 pectori
654 3376 782 3456 inposita
797 3375 850 3436 sub
867 3394 904 3439 ea
918 3378 1031 3437 cantica
1049 3381 1109 3436 ex·'

97 3457 222 3522 clamans
239 3460 350 3521 alendis
366 3461 490 3523 vocibus
515 3461 725 3523 demonstravit
740 3463 899 3524 rationem.
928 3457 1086 3534 beantur
1102 3466 1158 3514 usn
