2378 3840
120 188 161 248 42
466 199 495 247 o.
513 201 606 248 emur
622 200 770 248 SECUNDI

123 438 249 498 tudinem
261 439 415 515 insignem,
427 455 527 496 verum
539 445 569 496 et
584 437 620 496 de
631 438 727 515 parvis
740 435 887 496 admodum
903 437 1025 515 surculis
1038 437 1115 516 quod

122 523 242 600 primum
263 522 362 599 operis
383 521 531 580 instaurati
552 520 614 579 fuit.
649 537 684 580 ea
707 528 799 579 statua
819 514 955 580 indicauit
975 522 1114 582 interisse

122 605 258 664 fundendi
277 606 352 664 aeris
368 605 532 680 scientiam,
554 621 616 662 cum
639 612 670 662 et
683 601 763 662 Nero
782 603 880 681 largiri
897 623 994 664 aurum
1012 623 1114 681 argen-

123 698 237 766 tumque
256 696 371 765 paratus
388 695 468 746 esset
483 685 698 746 athenodorus
715 688 836 747 scientia
858 687 984 765 fingendi
1002 688 1135 748 caelans

79 783 112 838 47
125 771 212 849 dique
225 770 293 831 nulli
308 778 437 830 veterum
449 778 686 849 postponeretur.
709 778 831 829 statuam
842 769 1040 831 Arvernorum
1052 790 1115 831 cum

121 855 234 914 faceret
249 854 417 933 provinciae
432 853 528 913 Dubio
544 852 633 912 Avito
649 853 847 931 praesidente,
865 852 920 913 duo
940 854 1044 933 pocula
1062 852 1115 914 Ga-

123 933 233 997 lamidis
249 955 331 998 manu
346 937 467 1012 caelata,
479 955 552 1014 quae
566 934 668 996 Cassio
681 934 785 997 Salano
802 938 943 998 avonculo
956 940 1018 998 eius
1032 956 1112 1016 prae·

122 1023 234 1098 ceptori
251 1038 304 1080 suo
317 1019 502 1080 Germanicus
516 1017 624 1079 Gaesar
636 1019 763 1080 adamata
775 1019 943 1099 donaverat,
956 1021 1113 1081 aemulatus

122 1104 323 1164 estutvixulla
336 1103 499 1164 differentia
510 1111 592 1162 esset
604 1105 682 1163 artis.
705 1112 811 1182 quanto
819 1106 909 1165 maior
920 1107 949 1164 in
958 1103 1113 1165 Zenodoro
1124 1123 1147 1164 ut

121 1189 298 1266 praestantia
309 1187 373 1261 luit,
390 1194 469 1245 tanto
485 1188 575 1262 magis
592 1185 818 1264 deprehenditur
833 1189 909 1247 aeris
923 1189 1112 1248 oblitteratio.

79 1281 114 1335 48
187 1269 213 1330 8.
239 1269 336 1346 Signis
357 1286 430 1346 quae
454 1277 559 1328 vocant
576 1267 724 1329 Corinthia
745 1270 879 1349 plerique
899 1273 928 1331 in
946 1279 1053 1330 tantum
1069 1290 1114 1331 ca-

122 1354 238 1431 piuntur
267 1360 298 1410 ut
330 1370 428 1411 secum
457 1353 675 1430 circumierant,
707 1355 781 1414 sicut
809 1354 982 1415 Hortensius
1014 1363 1113 1414 orator

122 1435 272 1513 sphingem
287 1434 375 1494 Verri
400 1453 453 1495 reo
469 1435 607 1512 ablatam,
632 1445 756 1516 propter
776 1456 859 1516 quam
875 1436 979 1499 Cicero
1000 1437 1052 1497 illo
1071 1439 1113 1496 iu-

121 1518 197 1579 dicio
212 1521 240 1577 in
257 1519 446 1579 altercatione
465 1521 582 1596 neganti
600 1522 627 1580 ei
643 1523 804 1598 aenigmata
822 1541 855 1582 se
876 1521 1052 1598 intellegere
1068 1539 1148 1581 re-1s

122 1601 238 1680 spondit
259 1602 385 1679 dehere,
406 1581 539 1681 qudniam
564 1604 716 1682 sphingem
737 1605 813 1664 domi
833 1606 964 1666 haberet.
997 1578 1113 1665 circhin-

87 1708 110 1743 n
123 1686 187 1745 tulit
205 1695 234 1744 et
250 1684 330 1746 Nero
343 1689 480 1765 princeps
490 1685 683 1764 Amazonem,
699 1688 735 1747 de
750 1706 806 1766 qua
822 1688 966 1765 dicemus,
985 1697 1015 1748 et
1026 1688 1113 1766 paulo

120 1777 186 1828 ante
208 1767 239 1828 0.
257 1767 372 1829 Cestius
395 1769 555 1830 consularis
578 1771 730 1848 [signum,}
756 1788 838 1847 quam
860 1789 957 1830 secum
978 1773 1064 1830 etiam
1085 1774 1114 1831 in

121 1852 236 1932 proelio
252 1853 358 1912 habuit.
396 1852 556 1913 Alexandri
580 1870 696 1930 quoque
714 1852 810 1929 lllagni
828 1853 1043 1913 tabernaculum
1068 1874 1114 1914 su·

120 1938 229 1996 stinere
243 1935 391 1994 traduntur
407 1935 511 1995 solitae
528 1943 652 2010 statuae,
669 1936 826 2014 exquibus
841 1936 915 1996 duae
930 1945 996 1998 ante
1010 1937 1111 1998 Martis
1123 1948 1149 1989 2⁰

120 2019 231 2079 Ultoris
249 2016 350 2077 aedem
363 2018 474 2077 dicatae
490 2025 571 2093 sunt,
587 2016 708 2078 totidem
727 2027 794 2078 ante
812 2021 930 2096 regiam.

75 2115 110 2170 49
184 2099 264 2180 (19.)
290 2098 452 2159 Minoribus
479 2099 638 2162 simulacris
666 2102 815 2180 signisque
842 2105 990 2164 innumera
1019 2121 1111 2184 prope

119 2185 257 2245 artiticum
271 2182 422 2243 multitudo
437 2183 589 2243 nobilitata
606 2192 669 2262 est,
691 2195 758 2246 ante
779 2188 871 2247 omnis
888 2197 982 2249 tamen
996 2188 1110 2248 Phidias

118 2267 308 2327 Atheniensis
328 2267 399 2328 love
416 2266 550 2347 Olympio
573 2269 650 2330 lacto
671 2289 709 2329 ex
730 2271 822 2331 ebore
843 2272 957 2349 quidem
979 2281 1008 2333 et
1029 2289 1111 2349 auro,

118 2351 212 2413 sedet
225 2369 263 2410 ex
276 2369 346 2410 aere
358 2353 440 2429 signa
449 2352 530 2415 fecit.
548 2352 645 2413 lloruit
657 2363 752 2414 autem
765 2354 928 2434 olympiade
940 2353 1148 2432 LXXXlll.,.as

117 2437 234 2496 circiter
247 2432 328 2494 000.
342 2444 461 2497 nostrae
477 2438 653 2515 urbisanno,
670 2455 726 2515 quo
742 2438 845 2498 eodem
860 2447 992 2518 tempore
1007 2438 1112 2511 aemuli

117 2522 179 2580 eius
200 2520 283 2579 luere
298 2518 490 2598 Alcamenes,
506 2519 611 2581 Critias
620 2564 629 2597 ,
642 2520 804 2600 Nesiotes,
820 2522 944 2601 Hegias,
960 2529 990 2580 et
1006 2520 1110 2581 deinde

118 2603 281 2680 olympiade
293 2601 466 2664 LXXXVII.
479 2603 653 2682 llagelades,
670 2600 783 2682 Callon,
796 2605 919 2683 Gorgias
930 2603 1037 2682 Lacon,
1049 2623 1111 2664 rur·

118 2706 166 2746 sus
179 2684 321 2746 LXXXX.
338 2685 510 2762 Polyclitus,
525 2686 698 2763 Phradmon,
710 2685 825 2766 lllyron,
837 2689 1029 2766 Pythagoras,
1041 2686 1111 2757 Sco-

73 2780 109 2834 50
119 2787 186 2846 pas,
207 2768 351 2827 Perellus.
391 2787 429 2828 ex
443 2770 488 2830 his
508 2768 668 2845 Polyclitus
691 2766 849 2850 discipulos
868 2774 968 2833 habuit
989 2771 1146 2849 Argiumao

115 2849 469 2928 Asopodorum,Alexim,
477 2851 639 2930 Aristiden,
650 2852 844 2932 Phrynonem,
857 2854 1111 2932 Diponem,Athe·

115 2932 271 3008 nodorum,
301 2932 430 2993 Demean
453 2933 620 3013 Clitorium,
648 2935 752 3013 Myron
772 2938 899 3016 Lycium.
941 2937 1110 3003 LXXXXV.

116 3014 278 3092 olympiade
301 3014 428 3076 floruere
448 3016 621 3097 Naucydes,
649 3020 844 3101 Dinomenes,
873 3021 1038 3100 Canachus,
1059 3022 1111 3082 Pa-

116 3099 242 3176 troclus,
266 3097 327 3160 Gll.
345 3098 498 3179 Polycles,
521 3100 757 3183 Cephisodotus,
777 3106 961 3184 Leuohares,
982 3106 1111 3184 Hypato-

115 3184 220 3260 dorus,
241 3180 528 3263 Qlfflf...¹.'.lihil⁶¹0⁸s
549 3185 740 3269 Euphranor,
761 3187 1144 3267 cv11.n0u0n,ruert-s

71 3281 103 3333 ol
116 3267 240 3327 machus.
256 3258 359 3328 (tritri.
373 3266 517 3368 Lysippus
529 3271 595 3347 tunt,
601 3272 668 3331 'cum
680 3273 884 3334 etAlexander
895 3273 1026 3352 lllagnus,
1038 3274 1108 3332 item

113 3350 290 3426 Lysistratus
303 3354 395 3412 irater
408 3371 482 3429 erus,
503 3351 632 3429 Sthenis,
646 3354 798 3434 Euphron,
813 3356 932 3435 Eucles,
946 3359 1107 3432 Sostratus,

107 3433 175 3507 lon,
193 3434 324 3497 Silanion
339 3469 382 3481 —
395 3437 425 3494 in
444 3435 500 3496 hoc
517 3438 649 3497 mirabile
668 3438 745 3514 quod
761 3441 841 3500 nullo
859 3441 982 3502 doctore
1000 3439 1108 3501 nobilis

79 366 114 422 46
125 357 275 435 principis.
303 354 473 414 mirabamur
488 355 517 412 in
536 353 650 413 officina
666 371 723 413 non
740 353 824 413 modo
840 371 879 414 ex
897 354 1000 432 argilla
1017 304 1179 627 simili)7
