2378 3840
358 221 438 269 uxr.
454 220 545 268 essu.
562 222 669 269 xxxv,
689 222 730 272 10.
747 212 803 288 (36.
817 209 875 285 37.)
1083 200 1122 274 87

121 373 336 452 tragoediarum
357 375 531 452 scriptorem
545 376 732 435 meditantem
747 383 777 434 et
798 374 935 434 athletam
953 383 983 434 et
999 374 1122 452 Antigo-

120 477 186 518 num
207 475 325 534 regem,
344 466 463 517 matrem
477 457 649 518 Aristotelis
666 457 850 536 philosophi,
873 459 920 535 qui
938 459 966 518 ei
985 458 1125 518 suadebat

121 550 152 598 ut
167 539 325 600 Alexandri
344 539 442 618 Magni
459 558 550 619 opera
566 543 701 619 pingeret
719 550 843 620 propter
857 543 1064 602 aeternitatem
1079 560 1124 601 re·

121 641 191 683 rum.
229 625 353 703 impetus
371 626 456 684 animi
474 633 504 686 et
528 624 667 702 quaedam
686 627 756 684 artis
772 624 863 685 libido
885 627 915 684 in
936 624 1009 684 haec
1025 626 1123 701 potius

98 725 185 767 scum
200 707 304 768 tulere.
321 710 479 769 novissime
490 709 584 786 pinxit
596 708 794 768 Alexandrum
808 726 841 769 ac
858 707 944 769 Pana.
964 710 1034 768 lecit
1050 716 1079 767 et
1101 727 1131 772 ar,
1144 730 1162 764 o

120 792 202 867 signa
219 810 257 851 ex
273 810 360 868 aere,
383 800 414 850 ut
431 793 564 854 diximus.
595 793 660 870 [211
680 791 788 852 Eadem
810 801 906 852 aetate
930 793 984 852 luit
1001 764 1165 933 Ascle-eoi

119 873 270 952 pindarus,
286 893 370 952 quem
382 877 411 934 in
428 877 593 950 symmetria
607 875 764 934 mirabatur
775 875 908 953 Apelles.
937 875 1004 935 huic
1021 873 1103 935 binas

119 966 258 1031 tyrannus
276 975 331 1035 pro
348 957 499 1017 duodecim
515 957 558 1018 dis
575 958 655 1018 dedit
674 960 704 1017 in
724 958 856 1035 singulos
878 961 968 1018 minas
986 961 1124 1033 tricenas,

119 1038 254 1116 idemque
270 1039 470 1100 Theomnesto
485 1043 515 1100 in
529 1040 662 1118 singulos
681 1041 789 1101 heroas
805 1042 934 1102 vicenas.
964 1041 1030 1120 [22]
1052 1040 1104 1100 llis
1116 1048 1167 1109 108

84 1145 109 1184 ro
119 1123 299 1182 adnumerari
319 1122 408 1183 debet
431 1132 461 1183 et
482 1123 673 1184 Nicomachus
689 1124 829 1184 Aristiaci
850 1124 926 1184 tilius
949 1142 983 1185 ac
1000 1123 1125 1202 discipu-

118 1206 174 1264 lus.
209 1207 303 1282 pinxit
319 1215 430 1285 raptum
450 1205 758 1286 Prffimmffiquae
775 1207 871 1267 tabula
886 1208 941 1268 luit
955 1210 984 1266 in
1003 1204 1122 1285 Capito·

117 1288 158 1348 lio
176 1290 205 1347 in
222 1288 371 1350 Minervae
393 1290 516 1351 delubro
541 1310 627 1371 supra
651 1292 810 1352 aediculam
832 1291 1010 1366 luventatis,
1040 1299 1069 1350 et
1096 1293 1125 1349 in

118 1372 222 1432 eodem
236 1371 402 1450 Capitolio,
417 1393 501 1451 quam
511 1375 633 1435 Plancus
648 1377 809 1452 imperator
824 1385 980 1452 posuerat,
992 1373 1135 1474 Victoriq

118 1454 286 1530 quadrigam
302 1458 331 1515 in
349 1456 472 1517 sublime
494 1461 622 1534 rapiens.
652 1457 732 1516 Ulixi
750 1461 858 1534 primus
876 1456 983 1516 addidit
1003 1456 1137 1536 pileum]

83 1559 109 1599 xe
118 1537 211 1614 pinxit
229 1547 259 1596 et
276 1538 444 1614 Apollinem
466 1557 499 1598 ac
516 1539 650 1616 Dianam,
674 1540 816 1617 deumque
831 1549 951 1598 matrem
967 1541 996 1597 in
1014 1538 1102 1598 leone
1116 1549 1166 1603 109

118 1618 287 1697 sedentem,
303 1623 374 1691 item
388 1621 496 1681 nobilis
512 1622 639 1681 Bacchas
661 1622 885 1698 obreptantibus
902 1621 1026 1697 Satyris,
1043 1620 1124 1697 Scyl-

117 1701 232 1780 lamque
253 1722 325 1781 quae
343 1723 417 1764 nunc
435 1713 481 1764 est
492 1704 602 1765 Romae
617 1706 647 1763 in
663 1704 773 1782 templo
787 1704 881 1763 Pacis.
910 1723 965 1765 nec
980 1706 1034 1764 luit
1049 1705 1123 1764 alius

117 1787 147 1845 in
167 1805 202 1847 ea
218 1796 281 1848 arte
303 1789 445 1849 velocior.
479 1789 594 1848 tradunt
611 1805 733 1864 namque
756 1787 933 1847 conduxisse
943 1787 1124 1864 pingendum

119 1869 154 1929 ab
183 1870 332 1932 Aristrato
354 1872 558 1949 Sicyoniorum
578 1881 700 1947 tyranno
722 1871 799 1948 quod
820 1872 846 1930 is
868 1871 995 1930 iaciebat
1011 1869 1122 1930 Telesti

83 1975 109 2015 no
120 1962 226 2029 poetae
246 1965 460 2016 monumentum
478 1956 633 2034 praefinito
656 1954 703 2014 die
720 1957 795 2014 intra
811 1973 897 2032 quem
919 1963 1122 2032 perageretur,

117 2054 171 2096 nec
186 2037 277 2097 multo
293 2041 490 2099 antevenisse
506 2047 628 2114 tyranno
645 2041 675 2098 in
686 2056 811 2116 poenam
825 2055 951 2098 accenso
964 2038 1123 2116 paucisque

117 2119 221 2178 diebus
238 2120 404 2181 absolvisse
421 2130 451 2181 et
466 2121 619 2181 celeritate
636 2132 666 2183 et
682 2131 745 2182 arte
761 2124 840 2182 mira.
870 2121 1038 2198 Discipulos
1054 2120 1166 2185 ha-110

117 2200 180 2259 buit
201 2200 370 2260 Aristonem
390 2203 510 2261 fratrem
537 2212 567 2262 et
586 2204 739 2265 Aristiden
760 2205 849 2264 filium
870 2214 901 2265 et
930 2205 1122 2265 Philoxenum

117 2281 284 2359 Eretriam,
314 2284 394 2341 cuius
422 2283 518 2342 tabula
544 2285 631 2344 nullis
658 2288 848 2363 postferenda
870 2287 1033 2348 Cassandro
1056 2289 1122 2364 regi

82 2365 195 2443 repieta
218 2367 360 2426 continuit
376 2365 535 2425 Alexandri
558 2367 702 2442 proelium
724 2387 788 2428 cum
802 2369 901 2429 Dario.
934 2369 1011 2429 idem
1028 2372 1120 2446 pinxit

119 2450 327 2528 etlasciviam,
343 2452 442 2528 inqua
458 2458 518 2509 tres
536 2449 626 2508 Sileni
643 2453 843 2510 comissantur.
872 2451 921 2510 hie
939 2450 1121 2510 celeritatem

118 2537 321 2612 praeceptoris
343 2543 460 2595 secutus
483 2533 639 2594 breviores
664 2535 819 2593 etiamnum
836 2533 972 2611 quasdam
989 2535 1100 2610 pictura

118 2618 339 2693 conpendiarias
356 2620 467 2679 invenit
503 2617 568 2696 [231
585 2617 798 2676 Adnumeratur
810 2617 856 2676 bis
873 2625 902 2676 et
913 2614 1099 2692 Nicophanes
1130 2629 1160 2679 11

118 2699 240 2776 elegans
258 2718 292 2760 ac
307 2704 464 2761 concinnus
482 2704 522 2761 ita
545 2710 574 2760 nt
589 2709 743 2761 venustate
762 2701 790 2760 ei
809 2702 893 2777 pauci
915 2706 1118 2777 conparentur.
1161 2768 1165 2776 Ι

82 2808 108 2848 ³0
118 2782 276 2842 cothurnus
302 2785 329 2842 ei
347 2793 377 2843 et
396 2787 524 2860 gravitas
542 2787 614 2845 artis
635 2785 752 2844 multum
777 2802 793 2843 a
811 2783 940 2843 Zeuxide
963 2791 993 2841 et
1011 2782 1099 2860 Apell

119 2865 214 2924 abest.
231 2866 347 2944 Apellis
363 2867 521 2945 discipulus
537 2868 677 2945 Perseus,
695 2867 730 2927 ad
749 2886 834 2946 quem
850 2866 886 2927 de
902 2866 955 2926 hac
971 2875 1033 2926 arte
1049 2868 1119 2925 sori·

117 2951 194 3025 psit,
219 2948 302 3009 huius
317 2949 413 3010 iuerat
428 2953 543 3011 aetatis.
589 2951 728 3012 Aristidis
752 2950 883 3010 Thebani
904 2948 1037 3028 discipuli
1058 2949 1120 3007 lue-

116 3039 182 3090 runt
194 3042 223 3091 et
235 3032 286 3091 lilii
298 3031 469 3094 Niceros‘et
480 3034 621 3112 Ariston,
636 3037 721 3094 cuius*
736 3043 782 3094 est
794 3035 914 3110 Satyrus
930 3051 993 3093 cum
1009 3030 1118 3108 scypho

117 3124 292 3192 coronatus,
318 3116 450 3194 discipuli
472 3117 631 3178 Antorides
652 3127 682 3177 et
701 3117 891 3197 Euphranor,
912 3116 948 3175 de
974 3132 1030 3192 quo
1052 3129 1120 3172 mox
1164 3122 1167 3130 ’

81 3198 256 3259 asdicemus:
1127 3213 1161 3249 ree

180 3282 263 3360 (37.)
281 3281 413 3362 Namque
429 3284 545 3345 subtexi
562 3303 615 3364 par
631 3294 677 3346 est
690 3286 811 3346 minoris
827 3285 957 3363 picturae
969 3279 1098 3340 celebris
1111 3286 1162 3341 112

115 3368 146 3425 in
160 3365 318 3445 penicillo,
342 3386 359 3427 e
376 3367 480 3444 quibus
493 3370 548 3428 luit
566 3368 723 3445 Piraeicus.
757 3378 820 3429 arte
836 3368 935 3446 paucis
952 3364 1118 3443 postferen-

116 3448 168 3509 dus
193 3451 349 3529 proposito
376 3453 477 3512 nescio
499 3454 534 3511 a‘n
562 3440 742 3514 deffluere
763 3472 814 3529 se,
844 3451 979 3529 quoniam
1002 3446 1124 3508 humilia
