2378 3840
330 220 522 370 Μνιετ.
544 221 667 268 xxxin.
691 220 713 270 r.
735 211 774 286 (5.
792 213 831 282 c.)
1057 207 1075 266 7

82 377 240 438 Hannibale
268 377 348 435 mitti.
392 373 472 433 lnter
499 371 675 451 Caepionem
702 391 816 450 quoque
839 381 868 431 et
888 371 1010 431 Drusum
1039 391 1077 432 ex

82 461 167 521 anulo
182 462 211 519 in
226 462 359 520 auctione
379 457 472 516 venali
491 457 657 516 inimicitiae
674 474 820 534 coepere,
836 454 909 513 unde
929 457 1014 531 origo
1030 469 1076 514 so-

82 544 162 605 dialis
179 543 248 603 helli
265 550 294 602 et
312 543 400 602 exitia
416 558 520 599 rerum.
549 558 585 599 ne
602 547 667 598 tunc
683 539 796 617 quidem
810 556 908 597 omnes
921 546 1074 597 senatores
1085 549 1115 600 21

82 628 222 703 habuere,
239 634 341 703 utpote
354 641 415 683 curn
431 625 568 682 memoria
584 640 700 681 avorum
717 622 796 681 multi
809 629 943 699 praetura
959 639 1075 699 quoque

60 711 170 772 sluncti
183 711 210 768 in
223 711 322 769 terreo
336 707 671 767 consenuerint—sicut
685 703 869 783 Calpurnium
881 702 1074 778 ethianilium,

83 795 129 871 qui
146 794 260 870 legatus
276 791 326 850 Gai
340 790 410 850 illari
427 790 515 848 luerit
530 788 697 866 iugurthino
716 787 811 864 hello,
834 787 1002 846 Fenestella
1021 794 1075 844 tra·

82 877 123 935 dit
142 885 171 936 et
192 875 271 935 multi
293 874 322 932 h.
337 873 475 932 Fufidium
496 871 574 930 illum
595 872 630 931 ad
652 890 734 949 quem
751 871 874 931 Scaurus
897 870 932 930 de
948 872 1007 929 vita
1027 888 1077 929 sua

83 960 198 1037 scripsit
215 995 265 1034 -,
278 960 307 1016 in
320 955 499 1026 Quintiorum
514 972 586 1014 vero
601 954 705 1016 iamilia
722 973 818 1013 aurum
834 973 869 1013 ne
884 954 1004 1013 feminas
1017 954 1077 1029 qui·

85 1043 148 1100 dem
164 1042 272 1101 habere
289 1057 350 1098 mos
367 1040 472 1114 luerit,
489 1037 642 1116 nullosque
660 1041 774 1097 omnino
791 1037 891 1096 anulos
905 1039 996 1096 maior
1010 1054 1077 1113 pars

49 1125 210 1200 regentium
228 1125 429 1198 hominumque
450 1123 536 1180 etiam
557 1123 604 1199 qui
626 1121 678 1180 sub
703 1122 824 1198 imperio
850 1127 950 1179 nostro
967 1119 1076 1196 degunt

83 1208 228 1285 hodieque
241 1205 355 1266 haheat.
378 1222 435 1264 non
453 1205 547 1282 signat
564 1206 662 1264 oriens
675 1213 722 1264 aut
735 1205 888 1282 Aegyptus
901 1207 986 1262 etiarn
1003 1219 1077 1262 nune

24 1305 25 1308 ’
82 1291 188 1350 litteris
205 1299 340 1349 contenta
357 1287 438 1348 solis.
471 1285 568 1346 llultis
590 1289 646 1347 hoc
660 1288 751 1348 modis
768 1297 798 1346 ut
813 1296 910 1346 cetera
926 1289 1018 1361 omnia
1034 1285 1075 1344 lu·
1086 1295 1120 1348 22

83 1374 164 1432 nuria
184 1375 305 1433 variavit
326 1389 456 1449 gemmas
477 1370 607 1430 addendo
625 1373 761 1449 exquisiti
781 1371 905 1448 fulgoris
929 1386 1075 1447 censuque

84 1458 180 1533 opimo
199 1456 306 1532 digitos
323 1453 490 1527 onerando,
506 1455 580 1511 sicut
596 1455 721 1513 dicemus
739 1456 768 1512 in
780 1471 954 1530 gemmarum
974 1453 1053 1510 volu·
1066 1451 1119 1536 ³}qu

49 1540 177 1612 romine,
195 1554 262 1595 mox
278 1545 308 1596 et
325 1538 440 1613 efligies
456 1536 549 1594 varias
566 1536 721 1613 caelando,
739 1545 769 1593 ut
785 1537 853 1595 alibi
870 1554 916 1594 ars
935 1535 1003 1594 alibi
1021 1552 1076 1592 ma·

85 1622 158 1679 teria
175 1628 255 1678 esset
271 1621 299 1677 in
315 1621 420 1696 pretio.
452 1617 522 1676 alias
535 1617 601 1676 dein
613 1637 738 1694 gemmas
753 1619 856 1678 violari
871 1620 952 1678 nefas
967 1619 1077 1695 putavit

85 1723 128 1780 ac,
145 1722 181 1762 ne
194 1704 257 1779 quis
270 1702 398 1779 signandi
411 1718 525 1761 causam
537 1701 566 1758 iu
578 1701 668 1759 anulis
681 1720 748 1760 esse
758 1702 957 1778 intellegeret,
970 1701 1077 1760 solidas

85 1787 180 1846 induit.
211 1786 344 1864 quasdam
360 1802 431 1844 vero
447 1803 542 1861 neque
555 1784 590 1843 ab
606 1802 640 1842 ea
657 1792 738 1861 parte
753 1802 826 1860 quae
843 1784 934 1860 digito
949 1783 1074 1841 occulta·
1086 1793 1119 1847 23

43 1924 45 1929 .
86 1879 131 1929 tur
147 1886 217 1928 auro
233 1869 318 1928 clusit
333 1886 489 1946 aurumque
503 1866 577 1926 milis
591 1866 754 1945 lapillorum
772 1867 855 1925 vilius
873 1867 952 1925 iecit.
977 1873 1077 1923 contra

49 1975 73 2012 ao
85 1971 155 2012 vero
171 1951 250 2010 multi
267 1952 358 2011 nullas
372 1952 519 2011 admittunt
537 1969 664 2028 gemmas
676 1968 803 2028 auroque
821 1953 885 2028 ipso
903 1951 1024 2026 signant.
1049 1947 1078 2006 id

86 2034 184 2095 Claudi
199 2033 334 2095 Caesaris
350 2037 510 2112 principatu
526 2043 682 2112 repertum.
706 2033 768 2094 Neo
781 2052 837 2093 non
850 2042 880 2092 et
893 2032 1078 2092 servitialem

84 2120 190 2177 lerrum
205 2136 274 2177 auro
293 2120 409 2194 cingunt
421 2155 461 2163 —
478 2118 532 2177 alia
549 2135 602 2195 per
615 2137 682 2177 sese
697 2136 777 2177 mero
789 2136 860 2176 auro
874 2117 1012 2177 dee-orant
1025 2149 1076 2190 -,

85 2202 163 2258 cuius
179 2198 314 2258 licentiae
332 2200 414 2274 origo
430 2202 544 2258 nomine
561 2204 625 2277 ipso
643 2201 865 2260 inSamothrace
878 2201 905 2259 id
917 2201 1078 2258 institutum

85 2281 219 2342 declarat.
255 2280 381 2357 Singulis
397 2283 488 2356 primo
504 2280 601 2357 digitis
616 2287 680 2358 geri
694 2301 756 2342 mos
772 2285 865 2342 luerat
881 2285 928 2360 qui
946 2289 1011 2340 sunt
1027 2283 1121 2344 ini-m

49 2386 74 2425 aa
85 2366 175 2424 numis
195 2365 334 2442 proxumi.
358 2364 400 2421 sic
415 2365 443 2421 in
458 2362 566 2422 Numae
582 2373 611 2423 et
630 2364 713 2423 Servi
730 2364 804 2423 'lulli
821 2367 921 2423 statuis
937 2366 1076 2424 videmus.

84 2456 188 2526 postea
209 2447 307 2525 pollici
330 2463 471 2523 proxumo
494 2445 629 2522 induere,
660 2449 745 2506 etiam
767 2447 885 2506 deorum
908 2446 1078 2521 simulacris,

85 2532 150 2590 dein
166 2533 236 2589 iuvit
251 2539 281 2588 et
297 2531 420 2588 minumo
437 2530 515 2589 dare.
554 2527 663 2588 Galliae
679 2527 901 2604 Britanniaeque
923 2529 1019 2586 medio
1039 2529 1078 2588 di·

84 2622 185 2672 cuntur
201 2631 279 2671 usae.
311 2613 356 2671 hic
373 2631 446 2671 nunc
463 2612 543 2671 solus
560 2613 713 2688 excipitur,
729 2613 822 2670 ceteri
841 2629 939 2669 omnes
957 2629 1079 2670 oneran-

85 2704 145 2770 tur,
161 2703 247 2770 atque
267 2697 352 2754 etiam
374 2697 504 2772 privatim
522 2695 633 2753 articuli
653 2693 810 2752 minorihus
828 2692 899 2753 aliis.
940 2693 1011 2752 Sunt
1027 2697 1073 2771 qui
1087 2705 1119 2756 25

49 2800 74 2839 ao
85 2779 131 2836 uni
149 2785 255 2835 tantum
267 2780 389 2836 minumo
404 2786 574 2853 congerant,
593 2776 640 2835 alii
658 2795 728 2835 vero
745 2784 774 2834 et
793 2777 858 2835 huic
874 2785 980 2836 tantum
995 2796 1077 2836 unum

86 2877 142 2937 quo
157 2862 319 2936 signantem
335 2863 457 2936 signent.
496 2861 628 2919 conditus
648 2859 697 2918 ille
719 2867 750 2917 ut
773 2878 821 2919 res
844 2878 908 2920 rara
929 2869 959 2919 et
976 2862 1078 2920 iniuria

86 2960 153 3001 usus
171 2941 285 3018 indigna
301 2943 382 3002 velut
406 2961 422 3001 e
443 2945 570 3002 sacrario
587 2944 743 3021 promitur,
765 2952 794 3001 et
810 2962 892 3002 unum
908 2945 936 3002 in
955 2945 1077 3003 minumo

85 3025 178 3102 digito
194 3024 330 3084 habuisse
347 3027 532 3102 pretiosioris
548 3028 576 3083 in
600 3025 752 3084 recondito
769 3026 961 3103 supellectilis
981 3035 1077 3086 osten-

86 3111 156 3167 tatio
185 3114 238 3166 est.
277 3110 331 3168 iam
357 3108 403 3167 alii
426 3107 555 3185 pondera
576 3125 675 3168 eorum
703 3117 859 3168 ostentant.
897 3109 961 3167 aliis
987 3109 1076 3186 pluris

50 3208 167 3268 acquam
196 3208 278 3248 unum
305 3200 424 3267 gestare
452 3189 534 3250 labor
562 3200 625 3267 est,
657 3191 704 3250 alii
729 3192 855 3252 bratteas
878 3193 1014 3251 infercire
1037 3190 1078 3250 le-

86 3275 168 3334 viore
189 3275 308 3334 materia
333 3283 454 3352 propter
478 3293 573 3334 casum
596 3277 683 3334 tutius
701 3293 876 3352 gemmarum
892 3274 1078 3334 sollicitudini

86 3367 203 3435 putant,
222 3356 269 3416 alii
286 3358 338 3417 sub
354 3359 474 3434 gemmis
490 3376 603 3419 venena
620 3358 751 3435 cludunt,
774 3361 848 3419 sicut
863 3356 1076 3418 Demosthenes

85 3456 207 3500 summus
230 3439 369 3501 Graeciae
393 3449 511 3518 orator,
538 3442 696 3520 anulosque
718 3445 819 3503 mortis
845 3443 937 3520 gratia
959 3441 1076 3502 habeut.
