2378 3840
111 177 151 239 54
454 189 484 238 c.
506 190 602 238 entur
624 188 773 237 saeuum

111 353 211 405 cetera
234 345 309 404 enim
331 345 420 406 dente
441 344 698 424 deprehenduntur
719 345 871 404 stridentia
889 345 918 402 in
940 342 1114 404 frendendo.

111 429 341 506 experimentum
375 430 404 487 in
424 429 526 489 vatillo
547 430 665 506 ferreo,
694 437 862 507 namquaa
889 429 1003 488 sincera
1033 445 1114 487 suum

112 513 243 572 colorem
264 514 390 590 retinet,
406 531 480 591 quae
502 514 590 572 mixta
607 521 767 572 atramento
782 513 923 572 rubescit.
950 511 1114 589 deprehen-

110 596 187 655 ditur
213 604 243 656 et
267 613 379 675 papyro
400 597 477 673 galla
500 598 582 675 prius
605 605 771 674 macerato,
797 598 939 674 nigrescit
960 597 1036 656 enim
1058 604 1114 655 sta·

110 681 159 738 tim
184 681 325 757 aerugine
345 681 435 741 inlita.
466 680 693 760 deprehenditur
718 689 748 740 et
767 682 832 740 visu
855 679 980 758 maligne
1003 680 1135 740 virenon

68 764 189 830 113Sed
211 765 274 823 sive
289 766 432 824 sinceram
447 766 511 825 siue
527 764 686 825 adulteram
708 765 886 844 aptissimum
907 772 954 824 est
977 763 1035 824 alui
1058 765 1113 824 sic-

110 855 261 925 catamque
282 849 311 906 in
335 849 431 926 patina
457 867 532 908 nova
555 850 598 908 uri
621 867 656 908 ac
675 850 788 909 versari
815 847 909 908 donec
929 847 1027 907 favilla
1052 847 1112 925 liat,

111 939 217 1009 postea
233 932 339 991 teritur
355 950 389 991 ac
404 932 583 993 reconditur.
608 932 696 1010 aliqui
714 934 743 991 in
758 930 854 992 crudis
873 932 1010 992 lictilibus
1027 942 1113 991 urunt

110 1015 205 1075 donec
221 1015 350 1092 figlinum
375 1025 581 1095 percoquatur.
617 1017 745 1076 nonnulli
768 1025 798 1076 et
820 1024 866 1075 tus
884 1014 1041 1075 masculum
1066 1015 1113 1075 ad-

67 1101 247 1159 ammiscent.
292 1097 416 1159 lavatur
443 1108 538 1161 autam
564 1118 675 1178 aerugo
705 1103 780 1160 sicut
809 1100 934 1160 cadmea.
977 1101 1022 1158 vis
1049 1101 1150 1161 eiusro

109 1183 239 1257 collyriis
257 1182 406 1242 oculorum
425 1186 573 1262 aptissima
597 1193 627 1244 et
647 1183 930 1244 delacrimationibus
952 1183 1111 1243 mordendo

108 1267 282 1344 proficiens,
299 1266 352 1326 sed
368 1267 445 1326 ablui
461 1269 658 1328 necessarium
674 1268 818 1347 penicillis
837 1267 937 1327 calidis
954 1268 1049 1328 donec
1065 1284 1112 1327 ro·

109 1349 181 1409 dere
197 1350 320 1410 desinat.
458 1362 462 1367 ·

22 1432 32 1455 ”
65 1444 117 1496 114
213 1433 295 1513 (27.)
320 1432 484 1494 Hieracium
506 1443 628 1495 vocatur
649 1435 801 1512 collyrium
821 1435 899 1513 quod
919 1436 960 1495 ita
981 1451 1111 1494 maxume

108 1527 241 1595 constat,
269 1526 447 1597 temperatur
469 1527 563 1578 autem
585 1518 614 1578 id
636 1520 823 1580 hammoniaci
847 1520 939 1578 unciis
962 1527 1108 1596 quattuor,
1121 1543 1147 1582 15

108 1603 255 1678 aeruginis
276 1599 402 1680 Cypriae
427 1603 555 1680 duabus,
581 1606 732 1664 atramenti
755 1603 858 1664 sutorii
882 1603 959 1681 qnod
980 1601 1112 1662 chalcan-

107 1685 185 1745 thum
206 1694 311 1746 vocant
332 1687 468 1766 totidem,
495 1689 604 1765 misyos
625 1707 698 1765 una,
724 1689 803 1748 croci
822 1705 884 1747 sex.
928 1686 1112 1746 haecomnia

107 1771 174 1829 trita
198 1779 283 1831 aceto
300 1768 407 1830 Thasio
431 1771 608 1849 colliguntur
629 1774 659 1831 in
677 1771 782 1850 pilulas
804 1770 978 1831 excellentis
1000 1769 1110 1830 remedi

107 1863 208 1914 contra
230 1855 312 1914 initia
327 1854 539 1932 glaucomatum
561 1864 592 1915 et
610 1856 822 1933 subfusionum‚
845 1864 946 1915 contra
968 1853 1110 1932 caligines

64 1948 114 2000 115
127 1946 174 1997 aut
196 1940 349 1999 scabritias
372 1948 401 1997 et
417 1939 570 2015 albugines
593 1957 626 1998 ac
641 1957 781 2016 genarum
795 1940 873 1999 vitia.
906 1937 993 1998 cruda
1014 1947 1148 2006 autem20

106 2039 217 2098 aerugo
231 2022 406 2081 volnerariis
429 2022 594 2101 emplastris
610 2025 757 2083 miscetur.
794 2025 854 2083 oris
876 2024 963 2083 etiam
977 2023 1108 2100 gingiva·

106 2122 226 2181 rumque
248 2105 487 2165 exulcerationes
504 2106 625 2167 mirifice
649 2106 782 2167 emendat
801 2115 831 2166 et
847 2107 994 2167 labrorum
1011 2107 1110 2165 ulcera

106 2206 168 2248 cum
190 2188 268 2248 oleo.
309 2207 367 2267 quo
385 2191 409 2249 si
428 2199 458 2250 et
477 2208 545 2251 cera
564 2191 698 2270 addatur,
727 2199 832 2271 purgat
848 2191 928 2251 etad
944 2191 1110 2251 cicatricem

104 2271 246 2349 perducit.
285 2290 395 2352 aerugo
423 2283 453 2335 et
477 2275 579 2335 callum
607 2276 765 2337 fistularum
793 2274 889 2336 erodit
913 2276 1108 2352 vitiorumque

105 2357 182 2416 circa
210 2357 310 2417 sedem
333 2359 396 2418 sive
417 2378 471 2438 per
492 2378 525 2419 se
550 2361 613 2420 siue
641 2379 704 2420 cum
725 2360 924 2420 hammoniaco
950 2359 1031 2418 inlita
1058 2355 1147 2424 veles

104 2440 208 2517 collyri
229 2442 316 2502 modo
339 2444 368 2501 in
386 2442 496 2504 fistulas
512 2443 622 2504 adacta.
656 2445 757 2504 eadem
771 2462 834 2503 cum
848 2445 965 2503 resinae
981 2441 1110 2502 terebin-

105 2524 202 2585 thinae
222 2529 308 2587 tertia
326 2536 411 2605 parte
428 2528 546 2589 subacta
562 2528 660 2607 lepras
675 2528 760 2586 tollit.

62 2619 112 2674 116
189 2610 235 2670 12.
261 2608 341 2692 (28.)
365 2610 419 2671 Est
435 2619 465 2671 et
483 2612 605 2671 alterum
619 2629 713 2689 genus
736 2613 884 2689 aeruginis
901 2628 985 2689 quam
1004 2617 1110 2668 vocant

104 2694 240 2771 scoleca‚
262 2697 291 2754 in
308 2692 418 2773 Cyprio
435 2712 505 2755 aere
521 2696 591 2753 trito
610 2695 733 2756 alumine
755 2704 785 2754 et
801 2696 863 2756 sale
885 2703 934 2755 aut
949 2696 1027 2754 nitro
1045 2693 1109 2771 pari

103 2776 236 2854 pondere
260 2796 323 2836 cum
352 2787 436 2838 aceto
459 2779 525 2838 albo
546 2795 629 2855 quam
650 2780 801 2840 acerrimo.
840 2798 898 2840 non
920 2779 951 2838 lit
972 2777 1029 2836 hoc
1053 2777 1146 2839 nisiae

103 2861 331 2920 aestuosissimis
348 2861 452 2922 diebus
467 2864 544 2921 circa
559 2862 638 2921 oanis
656 2872 765 2941 ortum,
782 2865 888 2923 teritur
904 2870 999 2923 autem
1015 2861 1110 2921 donec

103 2943 197 3002 viride
211 2943 260 3002 irat
275 2944 484 3023 contrahatque
501 2963 534 3004 se
552 2946 773 3007 vermiculorum
789 2950 903 3027 specie,
919 2945 995 3005 unde
1013 2953 1043 3004 et
1058 2961 1110 3004 no-

101 3045 176 3087 rnen.
200 3026 276 3105 quod
287 3029 387 3088 vitium
403 3037 434 3088 ut
449 3029 620 3089 emendetur
635 3030 707 3090 duae
721 3041 820 3110 partes
836 3050 920 3110 quam
934 3030 1020 3089 fuere
1032 3029 1107 3088 aceti

102 3114 260 3172 miscentur
281 3111 317 3152 *⁸⁸
339 3112 422 3172 urina
447 3115 531 3191 pueri
554 3115 680 3193 inpubis.
718 3115 793 3174 idem
814 3124 910 3177 autem
930 3116 960 3173 in
985 3112 1109 3173 medica·

59 3215 87 3258 re
102 3199 241 3256 omentis
267 3206 297 3258 et
320 3205 457 3259 santerna
483 3196 574 3258 eflicit
596 3217 652 3277 qua
669 3198 791 3260 diximus
814 3218 912 3261 aurum
928 3196 1145 3272 iermninari,35

102 3299 172 3340 usus
196 3284 346 3360 utriusque
371 3284 420 3363 qui
444 3283 603 3360 aeruginis.
642 3283 744 3343 scolex
761 3285 792 3344 lit
814 3293 844 3344 et
859 3303 914 3363 per
931 3301 964 3342 se
985 3282 1107 3342 derasus

101 3366 215 3424 aerario
232 3365 320 3445 lapidi
337 3367 373 3428 de
389 3385 447 3446 quo
461 3386 535 3428 nunc
550 3367 687 3428 dicemus.
882 3409 884 3415 ·

38 3453 102 3503 117
174 3448 262 3526 (29.)
280 3447 431 3512 Chalcitim
447 3461 563 3533 vocant,
579 3471 618 3513 ex
631 3469 689 3532 quo
705 3460 735 3511 et
750 3453 816 3531 ipso
832 3470 882 3512 aes
895 3452 1041 3528 coquitur.
1064 3449 1109 3509 di·
