2378 3840
122 196 160 258 18
468 207 772 257 c.au1u1sncuu1>r

120 363 189 423 talla
206 363 283 442 qnod
301 373 407 424 vocant
424 362 642 424 Albucrarense
660 364 806 422 tricesima
821 370 905 422 sexta
923 364 1021 441 portio
1036 366 1118 427 inve·

119 447 213 523 nitur,
228 446 296 508 ideo
315 449 423 507 ceteris
442 452 579 525 praestat.
617 446 789 524 ubicumque
806 447 906 524 quinta
921 449 1035 523 argenti
1051 467 1118 526 por·

119 532 160 589 tio
184 536 230 590 est
254 530 395 590 electrum
416 537 546 590 vocatur.
587 530 694 590 scobes
715 529 770 589 hae
787 531 973 607 reperiuntur
988 531 1018 589 in
1035 550 1117 593 cana·

118 612 213 674 liensi.
243 614 275 672 lit
289 622 320 674 et
337 632 406 674 cura
421 613 561 673 electrum
575 622 698 690 argento
715 612 820 672 addito.
858 614 975 691 quodsi
991 617 1117 691 quintam

76 707 108 761 81
122 697 288 775 portionem
305 698 451 773 excessit,
474 696 624 755 incudibus
641 714 699 756 non
714 697 835 756 resistit.
867 695 991 756 Vetusta
1008 706 1039 757 et
1057 699 1138 761 ele-s

120 789 184 840 otro
204 782 361 841 auctoritas
376 779 504 841 Homero
527 787 604 839 teste
619 781 666 858 qui
681 778 806 839 Menelai
820 780 930 855 regiam
945 797 1033 857 auro,
1057 783 1116 842 ele-

119 872 200 939 otro,
227 873 367 941 argento,
396 864 488 924 ebore
521 863 636 940 fulgere
662 863 757 923 tradit.
805 862 954 923 Minervae
980 865 1116 943 templum

119 946 207 1006 habet
223 946 330 1008 Lindos
348 949 459 1008 insulae
474 944 670 1023 Rhodiorum,
686 948 715 1005 in
731 963 788 1024 quo
805 945 917 1006 llelena
931 949 1055 1006 sacravit
1071 967 1116 1008 ca-

118 1030 203 1090 licem
224 1050 263 1091 ex
287 1031 418 1108 electro,
438 1031 524 1091 adicit
545 1029 685 1106 historia,
714 1047 850 1089 mammae
879 1047 949 1089 suae
970 1049 1115 1092 mensura.

100 1180 103 1186 y
119 1112 229 1174 Electri
242 1123 343 1174 natura
354 1113 447 1175 estad
458 1114 637 1173 lucernarum
649 1113 752 1172 lumina
767 1113 872 1172 clarius
883 1121 1006 1190 argento
1019 1115 1115 1192 splen·
1126 1134 1151 1175 ro

101 1196 199 1268 [dere.
236 1197 314 1274 quod
334 1206 380 1255 est
401 1199 527 1255 nativum
556 1205 586 1255 et
611 1214 724 1255 venena
754 1196 956 1274 deprehendit.
994 1215 1115 1276 namque

101 1279 282 1343 {discurrunt
301 1280 331 1338 in
352 1279 491 1338 calicibus
512 1297 595 1338 arcus
617 1279 794 1338 caelestibus
817 1279 928 1339 similes
949 1297 1011 1339 cnm
1026 1282 1115 1357 igneo

104 1347 263 1449 {stridorm
280 1372 309 1422 et
323 1363 438 1438 gemina
453 1363 566 1421 ratione
583 1363 760 1440 praedicunt.

76 1455 110 1521 82
185 1444 264 1523 (24.)
281 1444 380 1506 Aurea
394 1453 487 1505 statua
502 1447 592 1523 prima
607 1447 730 1505 omnium
746 1445 822 1506 nulla
840 1447 978 1507 inanitate
993 1455 1023 1507 et
1037 1455 1116 1507 ante·

119 1547 202 1606 quarn
219 1547 257 1589 en
272 1547 341 1589 aare
362 1529 457 1607 aliqua
473 1529 559 1588 modo
575 1529 678 1607 lieret,
701 1548 785 1609 qnam
803 1538 908 1590 vocant
924 1529 1114 1609 holosphyra-
1125 1553 1149 1593 rs

119 1621 187 1687 ton,
208 1613 237 1671 in
259 1612 367 1691 templo
383 1613 535 1672 Anaetidis
558 1615 653 1691 posita
673 1613 794 1691 dicitnr,
818 1631 875 1692 quo
902 1615 959 1672 situ
975 1622 1117 1673 terrarum

105 1713 246 1755 nonomen
276 1694 333 1755 hoo
368 1697 560 1773 signavimus,
590 1699 704 1756 numine
738 1697 874 1773 gentibus
900 1697 959 1755 illis
983 1698 1116 1757 sacratis·

76 1790 111 1845 83
123 1780 205 1840 simo.
227 1779 341 1857 direpta
358 1797 393 1840 ea
411 1788 458 1840 est
475 1779 583 1839 Antoni
601 1778 741 1840 Parthicis
757 1779 862 1854 rebus,
878 1780 1038 1858 scitumque
1053 1797 1117 1839 nar·

119 1871 197 1923 ratur
224 1872 427 1922 veteranorum
452 1865 536 1922 unius
560 1861 878 1939 Bononiaehospitali
905 1861 963 1920 divi
990 1861 1114 1940 Augusti

96 1944 101 2032 'p
120 1963 207 2022 cena,
230 1964 292 2005 cum
315 1947 513 2035 interrogatus
531 1953 612 2005 esset
622 1987 632 2021 ,
655 1962 792 2004 verumne
811 1953 892 2003 esset
910 1962 974 2003 eum
990 1947 1038 2023 qui
1058 1948 1151 2023 pri-ao

98 2033 103 2101 ἶ
118 2047 179 2088 mus
194 2029 336 2089 violasset
348 2029 376 2089 id
383 2047 487 2088 numen
499 2027 590 2088 oculis
602 2027 797 2104 membrisque
808 2035 921 2104 captum
933 2029 1115 2105 exspirasse,

101 2108 270 2191 {respondit
296 2114 373 2172 enim
400 2122 458 2171 tum
483 2129 613 2170 maxume
637 2111 798 2187 Augustum
827 2128 844 2168 e
873 2127 957 2169 crure
982 2111 1045 2169 eius
1068 2129 1115 2172 ce·

102 2200 190 2253 'nare
218 2213 310 2273 seque
334 2195 413 2255 illum
430 2213 498 2255 esse
521 2202 670 2272 totumque
696 2193 751 2253 sibi
767 2212 885 2253 censum
901 2212 940 2253 ex
955 2212 989 2253 ea
1005 2197 1113 2273 rapina.

119 2275 269 2338 Hominum
290 2281 398 2357 primns
421 2286 452 2338 et
474 2295 590 2338 auream
614 2286 735 2338 statuam
752 2285 781 2337 et
793 2277 913 2337 solidam
928 2275 1016 2338 lxx.
1033 2280 1115 2338 circi-

119 2362 346 2440 terolympiade
371 2360 494 2439 Gorgias
517 2361 676 2422 Leontinus
698 2360 819 2439 Delphis
838 2363 868 2420 in
887 2359 995 2439 templo
1016 2364 1149 2440 posuitas

119 2444 185 2539 sibl.
217 2453 312 2504 tantus
329 2452 392 2506 erat
407 2444 556 2505 docendae
572 2447 641 2504 artis
659 2446 805 2503 oratoriae
824 2452 968 2522 quaestus.

76 2538 111 2592 84
136 2536 168 2588 lu
186 2528 266 2610 (25.)
289 2527 399 2588 Aurum
422 2528 553 2607 pluribus
570 2528 662 2587 modis
684 2527 777 2606 pollet
792 2529 822 2586 in
840 2527 994 2604 remediis,
1015 2526 1115 2588 volne-

118 2614 248 2689 ratisque
270 2619 300 2670 et
320 2612 477 2672 infantibus
498 2610 658 2689 adplicatur
678 2620 709 2669 ut
729 2611 821 2669 minus
845 2619 970 2671 noceant
985 2628 1058 2690 qnae
1070 2612 1115 2671 lu-

118 2696 247 2753 lerantur
261 2695 412 2754 veneficia.
451 2702 498 2754 est
516 2703 546 2752 et
566 2695 622 2771 ipsi
639 2693 789 2770 superlato
806 2694 848 2753 vis
863 2693 1010 2771 malefica,
1031 2694 1114 2771 galli·

119 2794 217 2834 narum
237 2793 353 2854 quoque
382 2785 412 2836 et
438 2778 639 2854 pecuariorum
662 2776 774 2836 foturis.
815 2777 971 2837 remedium
993 2777 1114 2837 abluere
1124 2794 1150 2836 ao

117 2858 235 2918 inlatum
250 2866 281 2917 et
296 2876 437 2936 spargere
449 2877 502 2920 eos
518 2859 622 2938 quibus
634 2860 744 2920 mederi
755 2860 840 2920 velis.
866 2869 996 2920 torretur
1009 2869 1039 2920 et
1051 2879 1115 2920 cnm

119 2942 188 3003 salis
205 2943 322 3018 gemino
338 2942 488 3020 pondere,
510 2943 616 3022 triplici
631 2945 731 3021 misyis
752 2962 786 3004 ac
809 2962 909 3004 rursus
925 2962 988 3003 cum
1005 2943 1114 3004 duabus

119 3025 186 3086 salis
203 3026 388 3105 portionibus
411 3035 441 3087 et
465 3044 524 3087 una·
542 3027 647 3106 lapidis
671 3046 756 3106 quem
774 3027 904 3088 schiston
923 3034 1036 3087 vocant.
1074 3028 1114 3087 ita

119 3111 197 3170 virus
212 3108 299 3169 tradit
313 3110 402 3170 rebus
417 3129 472 3170 nna
487 3112 620 3171 crematis
637 3113 666 3169 in
681 3112 761 3171 lictili
776 3129 846 3171 vase
859 3113 953 3189 ipsum
967 3128 1069 3189 purum
1084 3117 1114 3170 et

76 3206 109 3260 85
121 3195 327 3272 incorruptum.
364 3195 471 3255 relicus
489 3196 561 3255 cinis
579 3204 711 3255 servatus
726 3193 762 3254 in‘
776 3194 856 3254 fictili
874 3213 913 3254 ex
927 3211 1000 3272 aqua
1015 3193 1149 3253 inlitusas

119 3277 247 3337 lichenas
264 3280 294 3337 in
309 3279 383 3339 facie
403 3314 445 3324 -
465 3280 594 3339 lomento
617 3296 653 3338 eo
672 3280 808 3339 convenit
823 3277 899 3338 ablui
920 3311 980 3353 -,
1003 3275 1113 3336 listulas

120 3362 206 3421 etiam
221 3371 302 3421 sanat
324 3373 354 3423 et
377 3382 451 3441 quae
465 3371 606 3422 vocantur
626 3361 875 3423 haemorrhoides.
910 3360 1012 3439 quodsi
1030 3361 1115 3419 tritus

103 3462 223 3518 pumen
238 3445 378 3526 adicitur,
400 3447 497 3527 putria
517 3447 616 3509 ulcera
631 3453 660 3505 et
677 3447 763 3506 taetri
780 3444 878 3504 odoris
900 3441 1050 3521 emendat,
1076 3460 1115 3501 err
