2378 3840
304 206 381 255 unu.
405 207 493 256 rursu.
518 197 875 275 xxxv1.2-5.(a-4.)
1036 198 1095 259 107

90 361 241 421 simulacra
261 379 296 421 ea
317 360 483 440 Apollinis,
509 362 636 439 Dianae,
664 361 816 440 Herculis,
839 363 989 426 llinervae
1017 366 1094 442 quod

91 446 206 506 ecaelo
224 454 328 524 postea
346 455 452 506 tactum
469 456 521 506 est.

151 532 179 590 5.
205 529 248 608 [2]
275 527 346 590 Cum
367 529 395 589 hi
421 540 540 609 essent,
561 533 616 591 iam
636 532 732 592 iuerat
751 534 780 591 in
798 529 870 591 Chio
887 531 981 592 insula
995 531 1086 593 lllelas
1100 545 1131 596 ll

90 613 235 692 scalptor,
257 614 325 674 dein
347 614 422 675 lulius
445 617 508 675 eius
531 613 704 691 Micciades,
732 635 765 676 ac
792 615 897 676 deiude
919 633 1011 694 nepos
1038 616 1093 674 Ar·

69 698 241 775 achermus,
268 699 349 758 cuius
378 699 428 758 filii
450 699 575 778 Bupalus
602 708 633 760 et
654 699 779 760 Athenis
808 699 857 760 vel
888 701 1039 760 clarissimi
1065 701 1095 758 in

91 801 126 842 ea
161 783 283 842 scientia
307 783 391 843 luere
417 782 607 862 Hipponactis
636 793 744 863 poetae
771 792 886 862 aetate,
917 803 1002 862 quem
1032 803 1095 844 cer·

91 875 149 924 tum
166 875 212 925 est
227 864 287 925 LX.
317 867 481 946 olympiade
500 869 600 929 luisse.
635 867 738 947 quodsi
762 870 825 947 quis
843 869 945 929 horum
961 869 1095 929 lamiliam

90 948 125 1007 ad
142 966 282 1026 proavum
298 968 390 1026 usque
413 959 494 1010 retro
511 962 597 1027 agat,
619 953 748 1013 inveniat
771 954 842 1012 artis
866 955 928 1012 eius
951 954 1093 1029 originem

91 1050 153 1091 cum
170 1031 362 1110 olympiadum
377 1035 460 1093 initio
476 1036 624 1112 coepisse.
652 1035 827 1115 Hipponacti
844 1035 981 1095 notabilis
998 1035 1090 1095 foedi·
1104 1045 1138 1098 la

58 1125 135 1175 rotas
155 1115 251 1174 voltus
271 1124 349 1194 erat,
367 1117 555 1194 quamobrem
575 1121 730 1195 imaginem
749 1122 812 1180 eius
828 1119 948 1179 lascivia
963 1120 1094 1179 iocorum

91 1198 120 1258 hi
137 1216 322 1277 proposuere
339 1201 491 1260 ridentium
508 1203 642 1279 circulis,
666 1203 743 1280 quod
757 1202 914 1282 Hipponax
928 1203 1093 1279 indignatus

90 1282 248 1344 destrinxit
264 1286 481 1346 amaritudinem
499 1288 653 1346 carminum
677 1288 706 1346 in
723 1296 829 1347 tantum
846 1296 877 1346 ut
893 1286 1027 1346 credatur
1044 1285 1093 1344 ali·

92 1370 156 1445 quis
175 1366 210 1426 ad
226 1367 360 1445 laqueum
376 1387 429 1429 eos
446 1371 632 1448 conpulisse,
656 1369 850 1448 quodfalsum
868 1379 932 1446 est,
954 1369 1093 1447 conplura

93 1452 218 1510 enimin
245 1453 369 1510 finitimis
391 1452 494 1512 insulis
517 1453 668 1512 simulacra
690 1462 796 1530 postea
816 1453 937 1529 iecere,
964 1455 1038 1511 sicut
1065 1453 1095 1509 in

59 1551 82 1590 15
91 1533 184 1610 Delo,
202 1534 305 1611 quibus
322 1534 511 1594 subiecerunt
521 1554 637 1596 carmen
649 1553 708 1595 non
726 1535 834 1595 vitibus
854 1543 962 1595 tantum
977 1535 1094 1594 censeri

93 1614 187 1677 Chion
204 1617 303 1681 sedet
316 1617 457 1694 operibus
472 1617 623 1679 Archermi
642 1619 774 1678 filiorum.
799 1617 961 1678 Ostendunt
978 1617 1094 1679 ethesii

91 1700 210 1761 Dianam
224 1700 354 1760 manibus
371 1718 472 1760 eorum
486 1701 595 1762 factam.
620 1704 649 1761 in
665 1705 729 1780 ipsa
745 1700 818 1762 cuin
836 1709 949 1762 narrata
962 1711 1008 1762 est
1020 1719 1090 1780 ope·
1104 1711 1138 1766 13

92 1788 132 1845 ris
155 1803 255 1845 eorum
271 1784 380 1844 Dianae
401 1786 493 1844 iacies
517 1786 546 1843 in
567 1785 681 1846 sublimi
697 1788 811 1865 posita,
829 1786 910 1844 cuius
926 1786 1036 1845 voltum
1053 1787 1095 1844 in·

92 1877 203 1929 trantes
226 1869 356 1946 tristem,
380 1869 524 1929 abeuntes
546 1869 697 1929 hilaratum
715 1878 823 1950 putant.
863 1867 974 1930 Romae
993 1886 1095 1928 eorum

58 1971 82 2013 ao
93 1955 176 2032 signa
190 1961 256 2013 sunt
272 1955 300 2012 in
315 1953 444 2013 Palatina
468 1954 541 2014 aede
558 1953 705 2032 Apollinis
726 1956 755 2013 in
776 1954 896 2031 fastigio
913 1963 943 2013 et
961 1952 1093 2012 omnihus

91 2040 156 2099 iere
175 2057 249 2116 quae
262 2039 333 2098 iecit
344 2037 427 2098 divos
439 2038 599 2115 Augustus.
633 2040 723 2117 patris
739 2055 855 2116 quoque
872 2055 973 2097 eorum
985 2045 1016 2096 et
1027 2035 1093 2096 Deli

92 2123 176 2182 luere
196 2140 286 2199 opera
301 2130 332 2180 et
351 2123 379 2181 iu
394 2121 492 2182 Lesbo
508 2123 609 2181 insula.
649 2122 775 2201 Dipoeni
796 2122 910 2199 quidem
926 2121 1092 2197 Ambracia,
1105 2127 1138 2183 14

93 2204 209 2282 Argos,
231 2203 361 2264 Cleonae
384 2205 524 2281 operibus
541 2206 668 2266 refertae
684 2207 776 2267 luere.
809 2222 908 2266 omnes
924 2214 1019 2266 autern
1035 2213 1094 2264 tan·

93 2296 151 2346 tum
167 2285 287 2346 candido
302 2303 445 2346 marmore
460 2292 505 2347 usi
523 2297 589 2347 sunt
605 2307 621 2347 e
639 2289 714 2349 Paro
735 2289 845 2365 insula,
868 2307 953 2366 quem
968 2289 1094 2366 lapidem

58 2388 222 2448 accoepere
244 2369 393 2445 lychniten
414 2370 581 2448 appellare,
605 2374 740 2449 quoniam
759 2372 794 2431 ad
815 2371 949 2432 lucernas
972 2374 1000 2430 in
1015 2373 1093 2431 cuui-

92 2455 164 2516 culis
182 2454 372 2532 caederetur,
396 2462 427 2513 ut
443 2463 545 2514 auctor
565 2463 612 2514 est
628 2454 742 2530 Varro,
765 2454 860 2513 multis
876 2463 982 2532 postea
997 2454 1093 2514 candi-

93 2620 146 2681 sed
161 2624 190 2680 in
202 2621 352 2682 Pariorum
368 2621 501 2682 mirabile
516 2621 647 2699 proditur
658 2619 764 2697 glaeba
777 2619 880 2698 lapidis
893 2623 976 2680 unius
992 2622 1093 2680 cuneis

96 2698 283 2758 dividentium
298 2701 393 2758 soluta
409 2702 561 2777 imaginem
572 2699 662 2758 Sileni
677 2699 754 2757 intus
771 2699 932 2757 exstitisse.
966 2696 1088 2776 [31N0n
1104 2713 1135 2768 15

57 2788 83 2830 ³⁰
97 2781 283 2841 omittendum
293 2782 464 2842 hancartem
474 2783 752 2843 tantovetustiorem
761 2781 1088 2860 fuissequampioturam

41 2865 45 2872 ’
92 2863 140 2913 aut
162 2860 338 2935 statuariam,
352 2877 469 2938 quarum
486 2871 606 2942 utraque
622 2882 685 2923 cum
703 2864 802 2926 Phidia
818 2869 917 2946 coepit
932 2867 1090 2929 LXXXlll.

93 2937 273 3016 olympiade,
298 2951 365 3019 post
385 2960 476 3003 annos
498 2948 616 3006 circiter
636 2956 787 3009 trecentos
807 2951 924 3028 triginta
946 2953 1027 3014 duos.
1061 2962 1091 3012 et

91 3023 186 3100 ipsum
204 3022 322 3083 Phidian
335 3026 448 3085 tradunt
464 3029 621 3107 scalpsisse
633 3049 790 3111 marmora,
807 3033 1013 3113 Veneremque
1027 3038 1090 3096 eius

93 3124 161 3165 esse
181 3104 292 3167 Romae
321 3110 350 3167 in
372 3109 677 3194 Octaviaeoperibus
709 3119 832 3179 eximiae
859 3119 1088 3196 pulchritudinis.

57 3206 81 3247 us
91 3189 269 3250 Alcamenen
285 3191 512 3274 Atheniensem,
528 3195 604 3275 quod
620 3207 730 3258 certum
745 3210 808 3279 est,
830 3201 929 3262 docuit
943 3206 971 3262 in
986 3205 1086 3282 primis
1098 3213 1132 3268 16

91 3273 234 3352 nobilem,
250 3278 331 3335 ouius
346 3287 411 3336 sunt
427 3296 516 3357 opera
528 3279 653 3341 Athenis
665 3284 804 3363 conplura
819 3287 849 3344 iu
861 3286 981 3347 aedibus
998 3290 1088 3348 sacris

90 3358 328 3457 praeclarumque
344 3360 471 3423 Veneris
488 3373 570 3424 extra
588 3382 685 3427 muros
703 3386 777 3446 quae
793 3370 956 3449 appellatur
974 3371 1088 3450 Aphro·

90 3440 149 3503 dite
170 3437 208 3502 dv
237 3460 363 3524 κηποις.
403 3446 468 3507 huic
490 3467 625 3509 summam
646 3469 758 3513 manum
780 3455 845 3534 ipse
867 3454 984 3514 Phidias
1006 3459 1093 3528 'nupc-
1162 3490 1166 3492 v
