2378 3840
114 183 155 244 90
463 193 493 242 c.
510 194 606 243 emm
622 194 770 244 suenum

73 363 123 417 124
134 370 192 411 non
212 368 266 411 suo
291 368 404 429 genere
426 356 580 409 certasset.
616 348 692 408 idem
708 358 739 409 ct
758 348 906 408 lacunaria
926 350 1035 426 primus
1056 348 1118 427 pin-

114 453 186 512 gere
210 436 352 510 instituit,
375 451 431 492 nec
452 449 580 493 camaras
601 440 669 493 ante
689 451 754 492 cum
778 431 877 492 taliter
900 431 1035 493 adornari
1055 449 1118 492 mos

113 520 177 578 luit.
204 537 308 596 parvas
330 516 471 597 pingebat
492 515 616 576 tabellas
631 533 822 594 maxumeque
844 534 963 594 pueros.
998 515 1056 575 hoc
1070 533 1118 575 ae·

113 601 181 661 muli
203 600 472 680 interpretabantur
492 600 591 660 iacere
617 617 699 676 eum,
724 601 860 678 quoniam
882 599 962 661 tarda
987 601 1118 678 picturae

114 686 189 745 ratio
204 693 286 745 esset
300 685 358 745 illa.
390 683 579 763 quamobrem
594 683 711 743 daturus
726 692 756 742 et
771 683 934 744 celeritatis
949 683 1051 744 lamam
1066 683 1140 744 aab-s

115 769 205 828 solvit
228 785 286 828 uno
300 769 348 828 die
372 767 510 828 tabellam
532 785 607 844 quae
628 775 731 827 vocata
753 776 799 828 est
820 766 1002 828 hemeresios
1024 784 1118 844 puero

73 863 124 916 125
135 854 225 930 picto.
271 852 374 912 amavit
394 853 425 911 in
446 852 564 911 iuventa
587 848 739 926 Glyceram
762 853 935 927 municipem
957 869 1053 927 suam,
1077 852 1119 910 in-

113 937 275 997 ventricem
296 952 486 1012 coronarum,
519 934 717 1012 certandoque
738 936 899 995 imitatione
922 937 985 996 eius
1012 935 1048 994 ad
1069 952 1119 994 nu-

114 1020 340 1080 merosissimam
363 1018 467 1078 llorum
489 1020 662 1079 varietatem
682 1018 820 1096 perduxit
840 1027 932 1079 artem
946 1019 1031 1078 illam.
1067 1036 1119 1095 po·

114 1112 224 1164 stremo
243 1104 336 1181 pinxit
353 1111 383 1162 et
405 1104 498 1180 ipsam
516 1101 668 1162 sedentem
685 1120 749 1161 cum
764 1120 892 1179 corona,
908 1120 982 1181 quae
1003 1102 1153 1176 enchi-qo

114 1186 233 1248 lissimis
250 1186 348 1246 tabula
363 1185 511 1263 appellata
527 1193 573 1245 est
587 1185 855 1265 stephaneplocos,
871 1186 907 1245 ab
923 1186 987 1246 aliis
1003 1184 1118 1264 stepha-

112 1269 248 1348 nopolis,
271 1269 405 1346 quoniam
421 1266 547 1344 Glycera
564 1268 740 1329 venditando
756 1286 880 1330 coronas
903 1276 1119 1330 sustentaverat

113 1361 326 1433 paupertatem.
356 1351 440 1411 huius
458 1351 575 1412 tabulae
590 1351 756 1430 exemplar,
772 1353 849 1430 quod
861 1353 1053 1431 apographon
1067 1369 1119 1412 vo·

113 1444 195 1512 cant,
218 1435 249 1495 1..
266 1434 402 1495 lucullus
434 1435 547 1495 duobus
573 1435 691 1496 talentis
715 1439 784 1497 emit
809 1436 959 1512 Dionysiis
982 1436 1116 1495 Athenis.

70 1521 199 1598 1a612ll
217 1518 336 1580 Pausias
352 1528 448 1580 autem
462 1518 534 1580 lecit
549 1527 579 1579 et
593 1520 710 1595 grandis
723 1519 853 1596 tabulas,
869 1523 943 1581 sicut
959 1527 1119 1598 spectatam
1128 1542 1152 1583 rs

112 1606 142 1662 in
157 1602 278 1682 Pompei
309 1607 423 1681 porticu
438 1606 524 1665 boum
543 1606 767 1666 immolationem.
827 1621 890 1663 eam
908 1606 1015 1682 primus
1038 1605 1118 1662 inve·

113 1689 155 1746 nit
167 1687 324 1764 picturam,
339 1704 424 1764 quam
439 1694 545 1764 postea
560 1688 661 1746 imitati
676 1695 743 1746 sunt
758 1686 859 1763 multi,
875 1689 1011 1764 aequavit
1022 1703 1117 1747 nemo.

113 1777 180 1830 ante
202 1771 313 1846 omnia,
335 1789 398 1830 cum
414 1769 626 1847 longitudinem
642 1770 727 1830 bovis
749 1771 864 1830 ostendi
885 1770 994 1847 vellet,
1017 1771 1119 1831 adver·

114 1872 176 1912 sum
195 1871 261 1922 eum
276 1855 387 1932 pinxit,
407 1871 465 1914 non
482 1861 661 1929 traversum,
681 1862 712 1914 et
734 1853 848 1914 abunde
863 1853 1047 1931 intellegitur
1063 1871 1119 1912 am-

71 1947 120 2002 127
133 1936 254 2013 plitudo.
286 1937 370 2013 dein,
385 1955 448 1996 cum
463 1954 651 2014 omnesquae
664 1936 764 1996 volunt
779 1939 935 1998 eminentia
945 1937 1039 1997 videri
1053 1954 1118 1996 can·
1128 1958 1154 1998 no

112 2019 219 2080 dicanti
240 2019 346 2080 iaciant
371 2019 491 2095 colore,
506 2037 581 2098 quae
593 2019 720 2079 condunt
733 2021 833 2097 nigro,
846 2020 893 2080 hic
909 2029 998 2081 totum
1011 2021 1118 2080 bovem

113 2105 168 2162 atri
181 2102 292 2162 coloris
303 2103 375 2161 lecit
386 2102 564 2179 umbraeque
576 2119 682 2181 corpus
695 2121 734 2163 ex
744 2105 809 2182 ipsa
820 2105 900 2165 dedit
920 2123 1021 2182 magna
1034 2119 1118 2181 pror·

112 2204 162 2244 sus
178 2194 242 2245 arte
260 2187 290 2245 in
304 2203 399 2264 aequo
415 2187 560 2246 exstantia
575 2187 750 2248 ostendente
769 2197 799 2248 et
815 2191 844 2249 in
858 2189 1008 2248 conlracto
1025 2187 1118 2247 solida

113 2269 216 2328 omnia.
261 2268 389 2345 Sicyone
412 2279 443 2329 et
465 2269 512 2330 hic
533 2272 620 2330 vitam
643 2273 720 2349 egit,
748 2272 854 2351 diuque
877 2273 927 2332 illa
945 2274 1000 2332 luit
1024 2272 1118 2348 patria

111 2354 256 2431 picturae.
288 2353 400 2413 tabulas
415 2354 482 2414 inde
498 2373 515 2414 e
531 2355 651 2432 publico
670 2358 762 2415 omnis
781 2364 904 2434 propter
922 2373 973 2415 aes
994 2355 1153 2416 aliennmm

69 2446 120 2502 128
132 2437 259 2496 civitatis
272 2437 398 2497 addictas
407 2437 507 2498 Scauri
519 2440 651 2500 aedilitas
659 2437 780 2498 Romam
792 2436 949 2498 transtulit.
967 2437 1032 2513 [25]
1046 2436 1119 2496 Post

112 2539 177 2582 eum
200 2522 320 2581 eminuit
345 2521 434 2598 longe
462 2531 529 2583 ante
556 2523 648 2582 omnis
665 2519 841 2598 Euphranor
865 2518 1002 2579 isthmius
1028 2518 1119 2594 olym-

67 2623 97 2668 ει,
109 2627 131 2661 m
142 2604 228 2682 piade
245 2602 348 2682 cllll,
364 2605 438 2665 idem
453 2607 501 2684 qui
519 2607 597 2666 inter
612 2605 732 2664 fictores
748 2602 842 2662 dictus
858 2610 904 2663 cst
920 2602 1018 2664 nobis.
1046 2603 1119 2663 lecit

111 2697 141 2749 et
164 2688 301 2748 colossos
321 2698 350 2748 et
368 2706 529 2749 marmorea
551 2696 582 2748 et
600 2697 688 2764 typos
706 2685 845 2764 scalpsit,
867 2687 971 2747 docilis
988 2705 1023 2747 ac
1036 2686 1118 2747 labo·

111 2774 208 2831 riosus
230 2779 297 2830 ante
312 2773 405 2830 omnis
422 2780 454 2832 et
469 2773 498 2830 in
517 2787 699 2848 quocumque
714 2787 829 2847 genere
844 2771 994 2832 excellens
1010 2789 1044 2831 ac
1059 2771 1116 2831 sibi
1127 2798 1154 2840 30

111 2852 252 2930 aequalis.
280 2852 327 2912 hic
340 2855 449 2930 primus
460 2852 577 2913 videtur
586 2855 775 2930 expressisse
785 2854 934 2932 dignitatis
947 2855 1070 2916 heroum
1087 2864 1118 2915 et

110 2953 270 3013 usurpasse
280 2935 596 3012 symmetrian,sedluit
606 2938 635 2995 in
645 2937 999 3018 universitatecorporum
1009 2938 1118 2999 exilior

69 3027 162 3085 129et
180 3019 323 3097 capitibus
344 3018 532 3097 articulisque
551 3019 697 3096 grandior.
743 3022 888 3083 volumina
910 3041 1026 3101 qnoque
1048 3040 1117 3082 con·

111 3103 210 3183 posuit
226 3102 262 3162 de
277 3103 444 3180 symmetria
460 3112 490 3163 et
507 3103 667 3165 coloribus.
702 3123 794 3185 opera
808 3109 872 3166 eius
894 3116 960 3166 sunt
976 3115 1116 3185 equestre

110 3187 273 3266 proelium,
291 3186 445 3247 duodecim
458 3187 523 3264 dei,
540 3187 692 3266 Theseus,
703 3191 734 3249 in
745 3207 803 3269 quo
816 3191 889 3251 dixit
902 3192 1024 3251 eundem
1040 3190 1116 3269 apud
1126 3211 1150 3254 ss

110 3271 294 3332 Parrhasium
325 3288 394 3332 rosa
421 3280 533 3348 pastum
560 3291 645 3350 csse,
673 3292 754 3334 suum
776 3291 850 3334 vero
876 3293 971 3335 carne.
1007 3273 1114 3335 nobilis

110 3357 175 3416 eius
200 3355 297 3416 tabula
312 3354 423 3434 Ephesi
441 3365 505 3432 est,
526 3353 629 3416 Ulixes
651 3357 780 3417 simulata
795 3359 906 3418 insania
924 3359 1030 3418 bovem
1052 3376 1115 3417 cum

103 3455 186 3512 equo
206 3441 336 3516 iungens
361 3446 391 3499 ct
412 3440 523 3519 palliati
543 3442 724 3518 cogitantes,
753 3440 811 3501 dux
830 3441 956 3519 gladium
976 3442 1115 3502 condens.
