2378 3840
282 225 284 230 .
311 191 391 240 000.
412 190 504 239 urar.
523 191 630 238 xxxv.
650 189 674 242 3.
693 187 718 241 4.
740 175 872 257 (6-10.)
1057 180 1095 239 71

159 341 220 429 (8)
241 343 359 408 'l'abulis
375 352 470 405 eutem
486 344 616 405 externis
631 346 833 405 auctoritatem
847 343 959 405 Romae
976 345 1092 422 publice
1104 356 1140 410 24

95 433 166 493 lecit
181 430 289 508 primus
309 427 548 488 omniumbuoius
565 426 715 488 Mummius
735 429 780 487 cui
798 445 963 504 cognomen
976 422 1154 488 Achaici

95 514 218 574 victoria
236 511 322 572 dedit.
355 530 476 589 namque
493 530 556 572 cum
574 513 603 570 iu
619 512 727 588 praeda
744 510 895 572 vendenda
910 530 966 571 rex
980 504 1110 579 Attalus

96 596 155 658 Xv'i
170 597 289 656 emisset
306 595 430 656 tabulam
445 594 603 672 Aristidis,
618 593 753 655 Liberum
768 596 892 692 patrem,
908 596 1031 673 pretium
1047 597 1109 687 mi-,²

73 687 175 744 eratus
191 670 420 758 suspicatusque
429 678 559 757 aliquid
551 697 580 738 ιο
596 696 631 738 00
646 679 759 739 virtutis
782 679 883 756 quod'
876 697 940 756 ιο00
956 654 1108 757 nesciretp'

95 765 246 824 revocavit
269 762 395 823 tabulam
409 762 511 823 Attalo
525 762 644 822 multum
658 771 801 840 querente
818 771 847 821 et
863 763 892 822 iu
910 761 1029 824 Cereris
1047 760 1101 827 de

95 848 180 908 labro
198 848 314 924 posuit,
338 863 421 924 quam
440 848 558 922 primam
574 846 702 905 arbitror
711 849 856 923 ,picturam
871 855 1020 907 externam
1038 846 1096 906 llo-

94 948 157 990 mae
185 930 367 1007 publicatam.
413 927 526 989 Deinde
544 929 631 988 video
657 937 688 988 et
714 931 743 988 iu
769 930 835 989 foro
858 932 970 1008 positas
995 929 1095 1006 volgo.
1112 924 1151 970 V

95 1012 161 1072 bino
183 1014 259 1072 enim
281 1011 332 1071 ille
352 1010 450 1071 Crassi
468 1013 594 1072 oratoris
614 1011 700 1090 lepos
717 1014 830 1090 agentis
849 1013 901 1072 sub
921 1012 1092 1089 Veteribus,
1104 982 1166 1077 Μ

60 1121 86 1162 10
96 1113 159 1156 cum
171 1097 257 1155 testis
269 1094 451 1174 conpellatus
466 1096 607 1156 instaret:
625 1094 671 1154 dic
688 1114 773 1174 ergo,
787 1094 905 1173 Crasse,
922 1090 1035 1174 qualem
1050 1114 1095 1154 me

96 1176 197 1239 noris?
228 1176 331 1256 talem,
355 1179 464 1256 iuquit,
486 1180 644 1239 ostendeus
662 1181 692 1240 in
712 1180 809 1240 tabula
833 1181 940 1258 pictum
960 1179 1097 1239 inficetis·

96 1264 168 1323 sime
181 1261 292 1321 Gallum
304 1269 492 1322 exserentem
504 1262 636 1340 linguam.
669 1266 698 1323 in
712 1264 778 1327 loro
794 1264 847 1324 fuit
859 1272 890 1324 et
905 1262 954 1323 illa
968 1264 1095 1342 pastoris

95 1347 174 1406 senis
193 1363 256 1405 cum
272 1344 392 1421 baculo,
416 1344 452 1406 de
471 1364 526 1424 qua
541 1346 740 1407 Teutonorum
754 1347 869 1426 legatus
886 1346 1039 1426 respondit
1055 1348 1097 1406 iu·

95 1437 281 1505 terrogatus,
296 1429 432 1505 quantine
448 1447 512 1488 eum
528 1431 710 1507 aestimaret,
725 1431 782 1490 sibi
797 1431 897 1491 donari
914 1430 994 1490 nolle
1009 1430 1096 1490 talem

62 1513 371 1587 rsvivomverumquc.

160 1594 219 1673 (9.)
243 1591 302 1651 Sed
323 1595 510 1670 praecipuam
532 1597 731 1655 auctoritatem
751 1595 868 1673 publice
892 1553 997 1655 tabulis
1020 1595 1138 1662 iecit26

96 1674 206 1736 Caesar
223 1675 349 1735 dictator
364 1675 456 1736 Aiace
475 1683 506 1734 et
524 1674 618 1736 Media
634 1685 700 1736 ante
717 1676 845 1737 Veneris
867 1675 1030 1738 Genetricis
1048 1697 1096 1738 ae·

95 1760 160 1820 dem
187 1757 307 1834 dicatis,
336 1768 404 1837 post
429 1777 494 1818 eum
518 1757 554 1818 u.
571 1759 704 1839 Agrippa
729 1762 775 1819 vir
794 1762 948 1820 rusticitati
974 1763 1097 1839 propior

95 1861 179 1922 quam
194 1842 317 1903 deliciis.
352 1850 448 1903 exstat
464 1851 546 1902 certe
562 1845 625 1903 eius
641 1844 736 1904 oratio
751 1844 901 1920 magnilica
917 1852 947 1902 et
964 1861 1095 1903 maxumo

59 1929 199 1989 accivium
216 1926 302 2004 digua
320 1925 356 1986 de
373 1925 477 1986 tabulis
496 1927 627 1987 omuibus
643 1929 794 2006 signisque
811 1926 1003 2004 publicandis,
1019 1927 1097 2005 quod

95 2011 158 2070 lieri
187 2012 277 2071 satius
304 2011 409 2071 luisset
434 2027 516 2087 quam
543 2011 572 2069 in
590 2011 721 2070 villarum
743 2011 847 2071 exsilia
869 2010 948 2089 pelli.
997 2029 1096 2070 verum

95 2094 197 2154 eadem
217 2094 267 2153 illa
286 2096 408 2155 torvitas
430 2093 543 2153 tabulas
563 2093 633 2155 duas
656 2094 754 2155 Aiacis
776 2103 807 2154 et
823 2093 950 2155 Veneris
971 2102 1096 2154 mercata

96 2185 142 2237 est
157 2195 174 2236 a
191 2175 345 2253 Cyzicenis
361 2176 417 2238 HS.
431 2174 509 2259 ΙΧῩῙΙ.
544 2179 574 2236 10
587 2177 772 2238 Thermarum
789 2195 907 2257 quoque
923 2177 1096 2238 calidissima

95 2268 179 2338 parte
192 2259 382 2319 marmoribus
397 2260 556 2320 incluserat
571 2278 675 2338 parvas
692 2262 814 2322 tabellas
831 2262 917 2341 paulo
934 2272 1017 2338 ante,
1033 2280 1096 2321 cum

65 2359 91 2398 as
101 2343 310 2419 reficerentur,
327 2342 463 2402 sublatas.

158 2427 241 2506 (10.)
261 2425 356 2503 Super
379 2427 471 2485 omnis
491 2425 576 2486 divos
591 2428 740 2504 Augustus
761 2430 790 2487 iu
805 2429 872 2488 foro
890 2445 942 2487 suo
960 2426 1093 2487 celeber·
1105 2435 1138 2491 27

95 2511 165 2569 rima
187 2511 215 2568 iu
233 2517 317 2587 parte
332 2512 431 2587 posuit
454 2508 567 2570 tabulas
589 2510 658 2570 duas
681 2528 754 2588 quae
776 2511 849 2571 Belli
868 2512 971 2571 faciem
992 2512 1097 2588 pictam

95 2590 204 2652 babent
219 2601 249 2652 et
265 2591 457 2671 Triumphum.
486 2592 563 2652 idem
576 2590 714 2654 Castores
732 2612 766 2653 ac
777 2594 936 2655 Victoriam
951 2593 1050 2672 posuit
1066 2600 1096 2651 et

96 2690 166 2749 quas
182 2673 309 2733 dicemus
324 2676 377 2736 sub
393 2677 531 2736 artificum
550 2678 698 2737 mentione
719 2677 872 2755 intemplo
892 2674 1026 2736 Caesaris
1044 2692 1091 2753 pa·
1104 2692 1125 2728 ιι

61 2779 86 2836 30
97 2758 158 2816 tris.
192 2755 290 2816 idem
281 2775 312 2815 ιο
323 2759 401 2817 curia
415 2777 532 2837 quoque
544 2778 627 2839 quam
638 2762 668 2819 iu
686 2761 802 2820 comitio
819 2759 1011 2821 consecrabat
1026 2758 1095 2818 duas

97 2837 208 2898 tabulas
226 2840 366 2917 inpressit
386 2845 508 2918 parieti,
541 2842 670 2904 Nemean
693 2843 843 2903 sedentem
866 2860 952 2943 supra
980 2843 1096 2903 leonem

97 2921 308 3000 palmigeram
300 2941 391 3001 ipsam
406 2925 537 2986 adstante
552 2945 615 2986 cum
631 2927 736 2987 baculo
755 2946 827 2987 seue
844 2929 924 2995 cuius
946 2944 1033 3005 supra
1051 2943 1096 2984 ca·
1142 2994 1150 3005 ι

97 3014 148 3083 put
172 3004 269 3066 tabula
302 3007 388 3083 bigae
416 3006 571 3086 dependet.
619 3008 716 3070 Nicias
743 3012 861 3090 scripsit
883 3030 916 3071 se
942 3011 1131 3083 inussisse,

97 3088 147 3148 tali
172 3089 249 3148 cuim
277 3107 345 3148 usus
368 3099 414 3150 est
441 3090 542 3151 verbo.
593 3093 712 3153 alterius
736 3095 853 3156 tabulae
874 3094 1024 3155 admiratio
1048 3098 1093 3149 est
1104 3098 1140 3150 28

63 3189 88 3230 00
98 3171 239 3250 puberem
254 3171 342 3232 lilium
354 3175 417 3233 seui
432 3175 508 3251 patri
524 3174 646 3234 similem
660 3195 728 3236 esse
744 3181 848 3237 aetatis
865 3177 944 3237 salva
960 3175 1095 3234 differen-

98 3257 138 3316 tia
156 3255 364 3333 supervolante
376 3257 471 3335 aquila
483 3257 637 3319 draconem
651 3260 804 3337 conplexa.
839 3259 1028 3318 Philocbares
1041 3256 1097 3315 boc

98 3356 180 3397 suum
196 3355 270 3416 opus
291 3357 360 3400 esse
379 3347 500 3400 testatus
518 3349 571 3401 cst.
607 3343 755 3420 inmensa,
782 3341 828 3402 vel
848 3359 931 3400 uuam
946 3343 970 3400 si
989 3347 1097 3399 tantum

97 3421 170 3482 haue
191 3422 316 3482 tabulam
337 3422 439 3503 aliquis
462 3425 612 3503 aestimet,
630 3429 763 3505 potentia
781 3425 851 3485 artis
859 3467 869 3502 ,
893 3442 956 3484 000
972 3430 1096 3502 propter
