2378 3840
362 199 441 247 uxr.
457 198 548 246 rursu.
567 198 673 246 xxxv.
691 197 732 250 rr.
751 182 824 268 (to.)
1050 185 1090 246 93

91 361 167 412 trata
191 360 221 411 et
240 351 421 414 muliebriter
442 353 661 429 ingemescente
681 353 755 412 inter
774 352 944 430 opstetricia
963 350 1090 426 dearum,

92 433 186 495 Oleon
209 432 333 512 Oadmo,
357 432 540 496 Otesidemus
557 433 713 495 Oechaliae
732 434 967 513 expugnatione,
983 431 1090 492 Laoda-

82 520 163 594 mia,
177 515 321 578 ctesicles
335 521 456 596 reginae
469 518 649 577 Stratonices
660 518 772 577 iniuria.
799 516 878 576 nullo
892 518 968 576 enim
978 514 1091 575 honore

92 609 234 680 exceptus
251 601 286 661 ab
309 620 344 662 ea
365 603 459 680 pinxit
475 600 653 660 volutantem
668 617 732 659 cum
747 601 894 679 piscatore
911 617 995 676 quem
1014 600 1090 675 regi·

70 702 155 743 snam
180 703 275 745 amare
303 702 400 745 sermo
426 694 508 760 erat,
537 701 657 761 eamque
683 683 807 743 tabulam
825 684 956 760 inportu
980 680 1091 760 Ephesi
1159 734 1166 743 .

91 769 246 847 proposuit
269 769 334 847 ipse
358 769 431 829 velis
453 776 567 845 raptus.
611 767 712 844 regina
739 765 802 826 tolli
822 767 916 826 vetuit
940 767 1091 843 utriusque

91 851 279 912 similitudine
300 853 372 911 mire
396 868 547 930 expressa.
594 847 727 910 Cratinus
744 850 901 909 comoedus
918 848 1041 909 Athenis
1063 851 1092 908 iu

90 934 231 1012 Pompeio
249 936 352 1012 pinxit.
385 935 449 1013 [34]
462 932 631 1009 Eutychidis
649 933 746 1010 bigam
761 933 839 1011 regit
849 931 990 992 Victoria.
1013 931 1069 991 Eu·
1085 943 1133 997 ltl

91 1015 179 1077 dorus
196 1035 302 1076 scaena
321 1024 486 1095 spectatur,
508 1052 550 1062 —
567 1017 642 1076 idem
659 1026 689 1076 et
707 1035 746 1076 ex
759 1034 829 1077 aere
845 1018 928 1092 signa
943 1016 1014 1074 iecit
1034 1050 1092 1093 —,

58 1119 81 1158 ro
93 1101 158 1178 135]
175 1098 286 1177 Hippys
306 1097 443 1178 Neptuno
466 1108 497 1159 et
516 1098 658 1158 Victoria.
696 1097 814 1159 llabrou
835 1101 952 1158 amicam
971 1107 1000 1157 et
1017 1095 1093 1157 Ocn-

91 1183 217 1243 cordiam
235 1184 327 1262 pinxit
350 1192 380 1243 et
401 1181 521 1242 deorum
540 1182 707 1258 simulacra,
724 1180 895 1242 leontiscus
909 1180 1029 1241 Aratum
1050 1182 1091 1239 vi-

90 1275 201 1327 ctorem
224 1285 287 1326 cum
304 1275 442 1345 tropaeo,
464 1267 630 1346 psaltriam,
654 1264 736 1325 Leon
751 1264 886 1344 Sappho,
918 1263 1092 1344 [361Near-

90 1350 160 1410 chus
177 1350 326 1411 Venerem
344 1353 421 1410 inter
438 1349 550 1410 Gratias
567 1358 597 1410 et
612 1347 788 1426 Cupidines,
805 1348 959 1409 Herculem
979 1350 1092 1409 tristem

91 1435 219 1493 insaniae
232 1436 422 1512 poenitentia.
436 1431 562 1493 Nealces
571 1431 729 1508 Venerem,
737 1433 908 1508 ingeniosus
921 1441 951 1491 et
964 1431 1070 1492 sollers
1084 1443 1134 1497 142

58 1518 121 1578 rein
137 1526 216 1593 arte,
232 1518 390 1595 siquidem,
409 1534 472 1575 cum
491 1516 636 1595 proelium
653 1515 755 1576 navale
771 1515 925 1573 Persarum
948 1523 977 1574 et
993 1515 1092 1592 Acgy-

92 1602 219 1679 ptiorum
232 1602 392 1678 pinxisset,
409 1598 485 1677 quod
502 1601 531 1658 in
544 1597 630 1676 Nilo,
648 1600 728 1658 cuius
747 1607 875 1676 estaqua
891 1599 961 1657 mari
979 1598 1092 1677 similis,

91 1686 196 1743 iactum
221 1682 340 1743 volebat
365 1682 518 1760 intellegi,
546 1690 715 1760 argumento
742 1680 899 1742 declaravit
928 1682 1004 1759 quod
1028 1690 1091 1742 arte

92 1785 150 1827 uon
165 1775 290 1845 poterat.
328 1766 447 1827 asellum
467 1767 543 1826 enim
559 1766 706 1826 bibentem
722 1767 751 1825 iu
768 1765 856 1825 litore
874 1765 967 1843 pinxit
984 1773 1013 1824 et
1028 1783 1092 1825 cro·

92 1851 216 1912 codilum
232 1852 414 1911 insidiantem
430 1852 466 1911 ei.
502 1849 567 1928 [37]
582 1849 688 1910 Oenius
705 1851 902 1926 syngenicon‚
927 1846 990 1926 [38]
1007 1847 1136 1914 Phi-143

57 1936 181 1996 roliscus
210 1935 353 1994 cilicinam
374 1935 495 2012 pictoris
517 1935 614 2011 iguem
643 1933 787 1994 conflante
808 1948 919 2010 puero,
937 1930 1093 1991 Phalerion

92 2019 233 2097 Scyllam,
259 2019 323 2098 [39]
342 2017 504 2079 Simonides
522 2016 736 2096 Agatharchum
752 2025 782 2077 et
799 2015 1025 2092 blnemosyueu,
1050 2015 1093 2074 Si-

91 2121 152 2160 mus
177 2105 311 2180 iuvenem
332 2105 582 2179 requiescentem,
605 2102 750 2162 cilicinam
764 2099 883 2160 fullonis
904 2101 1091 2177 quinquatrus

92 2184 304 2259 celebrantem,
318 2184 451 2260 idemque
463 2183 609 2244 Nemesim
624 2186 790 2263 egregiam,
807 2183 871 2263 [40]
890 2183 1023 2244 Theorus
1037 2202 1071 2242 se
1086 2191 1136 2246 144

94 2267 312 2342 inungueutem,
330 2265 405 2324 idem
419 2266 455 2326 ab
469 2264 576 2326 Oreste
594 2277 714 2328 matrem
730 2276 760 2326 et
770 2266 943 2343 Aegisthum
955 2267 1092 2341 interfici,

58 2347 258 2425 rabellumque
276 2346 393 2407 Iliacum
408 2347 539 2426 pluribus
556 2348 680 2425 tabulis,
698 2348 775 2425 quod
790 2358 836 2407 est
852 2347 963 2407 Romae
984 2351 1013 2406 in
1028 2348 1092 2408 Phi·

93 2431 164 2509 lippi
180 2431 352 2509 porticibus.
370 2438 399 2490 et
415 2427 617 2504 Cassandram,
636 2449 710 2510 qnae
727 2438 774 2490 est
791 2430 820 2488 in
838 2426 1021 2490 Concordiae
1044 2431 1092 2489 de-

93 2514 194 2591 lubro,
223 2513 375 2574 leontium
401 2512 519 2592 Epicuri
546 2514 739 2590 cogitantem,
774 2512 953 2572 Demetrium
981 2529 1091 2588 regem.

93 2596 196 2656 Theon
210 2596 325 2657 Orestis
346 2598 500 2674 insaniam,
523 2595 682 2672 Thamyran
697 2594 911 2670 citharoedum,
937 2593 1091 2654 Tauriscus

93 2678 290 2756 discobolum,
313 2678 588 2757 Clytaemnestram,
613 2679 773 2754 Paniscou,
794 2676 954 2753 Polynicen
971 2696 1092 2755 reguum

59 2770 295 2840 eorepetentem,
315 2771 345 2822 et
364 2759 506 2841 Oapanea.
537 2764 602 2843 [41]
619 2761 685 2822 Non
704 2761 852 2821 omittetur
869 2761 946 2821 inter
958 2760 1012 2821 hos
1030 2763 1134 2824 iu·145

94 2847 177 2922 signe
195 2845 366 2924 exemplum.
404 2863 524 2923 namque
539 2845 686 2924 Erigonus
707 2845 793 2904 tritor
816 2843 945 2904 colorum
966 2843 1092 2907 Nealcae

93 2929 214 3006 pictoris
236 2931 266 2987 iu
282 2936 388 2988 tantum
403 2930 467 3006 ipse
483 2930 609 3007 proiecit
629 2938 660 2989 ut
675 2927 823 2989 celebrem
838 2929 924 2988 etiam
939 2929 1092 3007 dicipulum

94 3011 247 3089 reliquerit
260 3012 380 3089 Pasian,
395 3013 513 3071 iratrem
526 3011 690 3090 Aeginetae
706 3011 827 3071 lictoris.
858 3010 928 3071 illud
940 3030 1012 3071 vero
1025 3030 1091 3089 per·

95 3112 177 3173 quam
192 3111 288 3154 rarum
306 3112 339 3154 ac
353 3095 492 3178 memoria
507 3094 622 3172 dignum
637 3103 683 3155 est
698 3111 833 3177 suprema
849 3111 939 3172 opera
954 3094 1093 3154 artificum

59 3198 83 3239 an
97 3178 333 3256 inperfectasque
351 3177 480 3254 tabulas,
499 3179 573 3238 sicut
592 3179 659 3239 lrim
675 3177 830 3253 Aristidis,
851 3175 1027 3253 Tyndaridas
1044 3176 1092 3237 Ni·

94 3260 240 3338 comachi,
272 3259 393 3321 lllediam
419 3261 594 3322 Timomachi
626 3271 656 3322 et
686 3280 770 3342 quam
797 3261 917 3322 diximus
942 3259 1089 3321 Venerem
1102 3281 1124 3316 ar

94 3344 226 3423 Apellis,
249 3345 278 3404 in
295 3347 403 3406 maiore
422 3345 610 3406 admiratione
631 3365 698 3408 esse
714 3363 798 3425 quam
814 3345 962 3423 perlecta,
984 3345 1092 3422 quippe

93 3428 123 3487 in
152 3429 188 3489 iis
217 3429 382 3491 liniamenta
411 3429 523 3508 reliqua
552 3433 693 3510 ipsaeque
727 3429 922 3507 cogitationes
952 3429 1095 3489 artificum
