2378 3840
121 187 139 244 4
444 197 472 245 c.
496 195 591 242 ruini
611 194 760 244 succum

122 351 318 427 inritamenta,
334 352 362 408 in
376 350 489 428 poculis
505 348 639 407 libidines
658 347 772 408 caelare
790 348 860 407 iuvit
880 366 913 407 ac
938 367 991 426 per
1011 350 1115 410 obsce-

96 434 227 497 5nitates
245 434 358 493 bibere.
380 434 494 493 abiecta
509 431 614 490 deinde
627 431 777 491 sunthaec
789 440 819 492 et
835 432 956 492 sordere
973 450 1114 510 coepere,

121 526 151 575 et
167 519 227 575 auri
246 519 416 594 argentique
433 516 547 575 nimium
561 514 622 573 fuit.
653 517 776 574 murrina
795 533 832 574 ex
846 514 947 574 eadem
962 515 1067 577 tellure
1084 528 1114 577 et

120 599 284 675 crystallina
308 600 458 660 effodimus
480 599 584 678 quibua
605 599 728 676 pretium
756 599 867 658 iaceret
883 599 945 676 ipsa
960 600 1112 676 fragilitas.

120 682 176 741 boc
199 692 396 759 argumentum
417 701 520 762 opum,
550 681 622 741 haec
644 699 715 741 vera
735 681 866 741 luxuriae
891 681 985 758 gloria
1014 686 1135 742 existi-s

120 774 194 824 mata
213 775 275 841 est,
291 766 400 826 habere
415 767 491 844 quod
505 773 608 845 posset
625 766 719 824 statim
734 767 833 843 perire
852 773 951 825 totum.
987 785 1041 825 neo
1056 767 1114 827 boo

119 850 172 906 fnit
193 850 280 925 satis,
303 849 387 908 turba
413 867 585 926 gemmarum
607 857 738 927 potamus
760 856 790 907 et
812 849 969 925 zmaragdis
989 852 1112 910 teximus

119 930 243 1008 calices,
259 949 292 991 ac
310 933 494 992 temulentiae
511 951 595 993 cansa
612 941 714 992 tenere
732 931 839 990 Indiam
853 933 945 1008 iuvat,
970 941 1000 992 et
1015 951 1113 993 aurum

119 1016 174 1073 iam
189 1017 319 1076 accessio
335 1025 390 1075 est.

92 1108 108 1160 6
184 1097 252 1175 Gap.
272 1102 298 1159 l.
329 1099 391 1177 (3.)
413 1098 584 1177 Utinamque
599 1107 702 1176 posset
724 1118 741 1158 e
761 1100 821 1158 vita
836 1101 865 1157 in
880 1106 970 1158 totum
986 1099 1111 1160 abdicari
1122 1119 1147 1158 m

119 1198 230 1238 sacrum
251 1183 344 1258 fame,
366 1190 396 1239 ut
420 1181 604 1241 celeberrimi
632 1190 768 1242 auctores
788 1181 907 1258 dixere,
936 1185 1112 1261 proscissum

120 1265 259 1323 conviciis
276 1265 311 1323 ab
329 1265 453 1341 optumis
470 1264 632 1342 quibusque
652 1273 681 1323 et
699 1264 734 1323 ad
749 1266 908 1342 perniciem
920 1267 997 1325 vitae
1012 1284 1112 1344 reper-

120 1353 195 1422 tum,
225 1355 330 1424 quanto
355 1346 489 1406 feliciore
516 1364 590 1407 aevo
613 1365 676 1407 cum
699 1366 748 1407 res
771 1348 853 1426 ipsae
876 1349 1112 1426 permutabantur
1143 1391 1153 1415 ⁴-

119 1430 196 1488 inter
211 1448 296 1506 sese,
312 1431 387 1490 sicut
403 1438 433 1491 et
450 1429 582 1490 Troianis
606 1431 785 1508 temporibus
811 1431 969 1491 factitatum
984 1431 1111 1493 Homero

92 1519 108 1573 t
121 1512 200 1571 credi
216 1515 367 1573 convenit!
390 1515 430 1575 ita
445 1514 538 1591 enim,
555 1522 586 1573 ut
605 1516 726 1593 opinor,
742 1517 905 1575 conmercia
915 1517 1006 1575 victus
1019 1519 1112 1592 gratia
1123 1536 1146 1577 n

118 1597 240 1655 invecta.
275 1597 347 1657 alios
371 1599 459 1656 coriis
481 1598 584 1674 boum,
614 1597 687 1657 alios
711 1598 791 1659 ferro
816 1600 995 1678 captivisque
1022 1600 1111 1658 rebus
1146 1616 1148 1620 ’

120 1682 287 1756 emptitasse
304 1681 408 1757 tradit,
431 1699 598 1758 quamquam
613 1683 677 1758 ipse
693 1682 749 1742 iam
765 1683 885 1742 mirator
900 1683 960 1740 auri
976 1684 1111 1741 aestima·

119 1763 215 1822 tiones
237 1783 332 1823 rerum
356 1766 396 1824 ita
418 1765 488 1824 fecit
509 1774 541 1823 ut
563 1762 585 1823 C
609 1764 694 1823 boum
715 1782 792 1823 arma
820 1782 907 1823 aurea
929 1762 1110 1842 permutasse

119 1843 254 1910 Glaucum
275 1848 385 1907 diceret
407 1866 469 1907 cum
490 1846 639 1906 Diomedis
660 1848 746 1905 armis
761 1845 849 1922 Vlllly
867 1845 961 1905 boum.
999 1867 1037 1907 ex
1056 1867 1111 1926 qua

117 1930 326 1990 consuetudine
340 1928 425 1988 multa
451 1930 548 2006 legum
568 1930 745 2006 antiquarum
761 1945 872 2006 pecore
892 1939 1004 1988 constat
1025 1934 1146 1990 etiamao

116 2009 235 2070 Romae.
799 2053 801 2056 -

89 2085 105 2154 8
179 2095 239 2171 (4.)
259 2093 424 2152 Pessumum
439 2095 516 2152 vitae
532 2093 628 2153 scelus
651 2094 721 2154 fecit
744 2095 792 2172 qui
809 2095 916 2172 primus
933 2093 1023 2152 induit
1037 2094 1111 2172 digi-

117 2177 172 2251 tis,
187 2193 242 2234 nec
257 2175 313 2235 boc
328 2178 391 2254 quis
407 2177 512 2237 fecerit
528 2177 656 2237 traditur.
688 2194 751 2236 nam
767 2176 803 2237 de
821 2176 997 2236 Prometheo
1016 2181 1110 2238 omnia

116 2258 248 2317 fabulosa
264 2260 406 2337 arbitror,
423 2277 591 2338 quamquam
601 2261 644 2321 illi
661 2278 776 2340 quoque
792 2261 919 2321 ferreum
934 2259 1045 2320 anulum
1061 2261 1110 2321 de·

116 2341 155 2400 dit
170 2344 337 2421 antiquitas,
362 2343 561 2422 vinculumque
577 2344 625 2422 id,-
642 2363 700 2405 non
721 2353 888 2421 gestamen,
909 2342 1042 2421 intellegi
1058 2362 1144 2405 vous

115 2424 175 2484 luit.
209 2424 302 2486 illidae
325 2426 438 2504 quidem
454 2428 572 2487 anulum·
589 2444 646 2505 quo
662 2429 835 2488 circumacto
853 2427 1005 2487 habentem
1023 2445 1107 2487 nemo

85 2517 250 2572 boerneret
270 2511 334 2588 quis
358 2528 415 2570 non
436 2513 521 2571 etiam
544 2510 753 2570 fabulosiorem
778 2507 922 2569 fateatur?
957 2508 1056 2569 Manus
1077 2520 1108 2570 et

114 2609 235 2670 prorsus
256 2595 391 2652 sinistrae
414 2611 570 2653 maxumam
591 2593 792 2652 anctoritatem
812 2592 1008 2652 conciliavere
1024 2610 1107 2669 auro,

114 2690 172 2731 non
194 2673 308 2750 quidem
323 2674 487 2752 Romanae,
512 2693 629 2752 quarum
650 2677 679 2734 in
697 2692 778 2734 more
796 2675 887 2734 ferrei
904 2683 987 2735 erant
1004 2684 1034 2735 et
1050 2678 1107 2735 vir·

114 2757 182 2813 tutis
198 2755 327 2836 bellicae>
340 2759 462 2834 insigne.
498 2756 542 2816 ne
566 2758 687 2834 regibus
701 2757 838 2818 Romanis
854 2776 911 2818 non
928 2759 1012 2818 facile
1028 2759 1143 2820 dixe-ao

114 2838 173 2894 rim.
211 2837 316 2896 nullum
336 2839 424 2898 babet
444 2838 557 2898 Romuli
579 2842 608 2899 in
630 2839 776 2918 Capitolio
800 2849 893 2900 statua
915 2860 969 2901 nec
988 2851 1107 2921 praeter

113 2918 221 2978 Numae
248 2919 389 2998 Seruique
417 2920 491 2981 Tulli
512 2922 567 2982 alia
588 2941 621 2983 ac
641 2943 677 2984 ne
697 2922 727 2982 L.
750 2923 864 3002 quidem
878 2923 966 2984 Bruti.
996 2925 1052 2985 boc
1078 2928 1106 2984 in

114 3001 277 3080 Tarquiniis
289 3022 419 3064 maxume
430 3007 529 3082 miror,
547 3023 666 3084 quorum
679 3026 695 3067 e
709 3005 829 3067 Graecia
844 3008 897 3068 fuit
913 3010 1016 3086 origo,
1031 3007 1105 3068 unde

114 3086 160 3145 hio
171 3085 321 3145 anulorum
331 3105 399 3147 usus
415 3090 509 3165 venit,
527 3107 693 3168 quamquam
705 3092 791 3149 etiam
803 3109 876 3151 nunc
887 3089 1104 3152 Lacedaemone

73 3180 107 3233 lo
116 3169 215 3230 ferreo
231 3178 353 3230 utuntur.
384 3172 436 3231 sed
451 3190 467 3231 a
484 3172 584 3232 Prisco
597 3172 752 3251 Tarquinio
763 3174 886 3233 omnium
901 3176 994 3253 primo
1006 3175 1105 3250 illium,
1115 3194 1139 3234 as

114 3271 175 3312 cum
191 3255 219 3312 in
234 3263 405 3332 praetextae
418 3256 498 3315 annis
512 3255 668 3316 occidisset
684 3257 808 3334 hostem,
821 3257 899 3318 bulla
913 3275 1000 3318 aurea
1018 3257 1105 3318 dona·

114 3344 172 3395 tum
196 3345 326 3413 constat,
349 3338 423 3398 unde
444 3355 506 3397 mos
527 3339 623 3400 bullae
648 3339 773 3417 duravit,
795 3349 826 3399 ut
847 3358 946 3401 eornm
961 3343 1008 3421 qui
1028 3359 1104 3420 equo

114 3422 288 3479 meruissent
303 3420 353 3480 filii
377 3423 491 3500 insigne
510 3422 537 3481 id
555 3423 714 3498 baberent,
735 3425 826 3484 ceteri
848 3424 949 3484 lorum.
988 3425 1104 3485 ntideo
