2378 3840
119 192 159 253 36
465 199 493 248 c.
511 202 605 249 runnu
623 202 772 250 sucuunr

121 357 276 434 placuisse.
312 354 491 432 Syracusana
507 356 616 414 suntin
633 354 763 414 Pantheo
779 357 872 433 capita
891 355 1084 416 columnarum
1100 377 1117 418 a

118 438 155 498 Μ.
173 440 304 519 Agrippa
329 440 440 516 posita,
464 440 533 515 quin
557 439 641 498 etiam
664 441 776 516 privata
799 438 947 516 opulentia
970 457 1007 499 eo
1029 438 1115 501 modo

121 531 256 600 usurpata
282 531 335 583 est.
377 519 498 580 Camlllo
526 523 602 581 inter
623 523 740 581 crimina
763 522 872 581 obiecit
897 520 946 600 Sp.
973 520 1115 584 Carvilius

123 615 261 684 quaestor
279 605 356 684 quod
372 613 469 664 aerata
486 605 561 664 ostia
578 604 701 664 haberet
716 607 745 665 in
763 605 857 665 domo.

78 700 112 755 14
186 689 244 767 (8.)
267 688 338 748 Nam
359 688 482 748 triclinia
506 696 603 748 aerata
625 688 789 766 abacosque
812 697 841 748 et
864 690 1040 767 monopodia
1063 689 1137 752 Gna

120 773 253 832 lllaulium
274 772 345 832 Asia
366 773 479 832 devicta
501 773 620 849 primum
636 773 786 832 invexisse
802 772 945 851 triumpho
962 791 1015 832 suo
1032 792 1116 851 quem

120 857 199 915 duxit
215 874 288 916 arum
305 857 385 915 urbis
402 853 545 916 DLXVll.
563 853 592 913 L.
610 853 679 914 Piso
696 864 797 915 auctor
811 864 872 932 est,
886 856 988 915 Antias
1001 857 1115 934 quidem

119 940 242 999 herodes
264 940 295 1001 L.
315 937 412 998 Crassi
436 941 561 998 oratoris
580 938 666 997 multa
691 941 775 998 etiam
793 938 915 998 triclinia
933 948 1030 999 aerata
1047 959 1115 999 ven·

119 1023 236 1083 didisse.
267 1022 313 1082 Ex
330 1041 399 1083 aere
411 1023 583 1082 factitavere
601 1030 630 1081 et
647 1024 773 1082 cortinas
791 1023 932 1100 tripodum
951 1025 1065 1082 nominc
1082 1042 1115 1083 ac

117 1106 291 1186 Delphicas,
314 1106 391 1184 quod
407 1124 459 1165 eae
480 1099 611 1164 maxume
626 1105 755 1183 Apollini
777 1105 920 1183 Delphico
936 1105 1110 1165 dicabantur.
1127 1129 1151 1172 lo

119 1191 256 1267 placuere
273 1199 303 1248 et
318 1188 470 1264 lychnuchi
485 1188 615 1266 pensiles
634 1191 662 1247 iu
682 1188 810 1249 delubris
829 1197 877 1250 aut
893 1189 1026 1249 arborum
1042 1189 1115 1249 mala

118 1275 272 1332 ferentium
301 1272 387 1331 modo
415 1272 564 1348 lucentes,
593 1271 685 1348 qualis
711 1281 757 1332 est
784 1274 813 1332 in
838 1272 946 1350 templo
968 1272 1114 1351 Apollinis

118 1355 255 1431 Palatini,
288 1355 364 1433 quod
385 1354 554 1414 Alexander
574 1353 695 1432 lllagnus
714 1354 877 1416 Thebarum
899 1357 1114 1434 expugnatione

119 1448 231 1517 captum
246 1442 275 1499 in
292 1437 380 1515 Cyme
397 1438 545 1498 dicaverat
562 1439 655 1498 eidem
672 1439 738 1499 deo.

77 1532 109 1588 15
186 1528 215 1583 4.
239 1521 296 1606 (9)
317 1522 442 1581 Transiit
454 1522 558 1581 deinde
575 1540 621 1583 ars
639 1522 729 1600 volgo
742 1523 848 1600 ubique
864 1523 898 1582 ad
914 1523 1029 1600 efligies
1045 1522 1114 1582 deo·
1125 1543 1150 1585 aa

118 1626 188 1665 rum.
209 1607 318 1666 Romae
339 1605 520 1666 simulacrum
541 1624 579 1665 ex
595 1623 665 1668 aere
688 1607 792 1666 factum
808 1603 911 1666 cereri
933 1609 1052 1685 primum
1070 1625 1114 1665 re·

118 1693 202 1767 perio
221 1709 259 1750 ex
274 1690 389 1768 peculio
405 1688 453 1767 Sp.
471 1685 553 1749 Cassi
570 1708 655 1768 quem
678 1709 798 1767 rognum
820 1689 1009 1750 adfectantem
1031 1698 1115 1767 pater

118 1776 208 1851 ipsius
222 1776 410 1833 interemerit.
439 1775 553 1832 transiit
566 1782 595 1832 et
611 1792 625 1832 a
642 1773 685 1832 dis
698 1776 733 1834 ad
749 1773 893 1832 hominum
907 1782 1016 1833 statuas
1028 1782 1114 1850 atque

117 1859 256 1934 imagines
271 1857 478 1916 multismodis.
508 1856 649 1916 Bitumiue
668 1858 774 1934 antiqui
792 1857 962 1934 tinguebant
977 1876 1037 1933 eas,
1055 1874 1113 1934 quo

116 1944 207 2018 magis
231 1943 332 1999 mirum
353 1950 400 2000 est
422 1939 567 2017 placuisse
593 1958 663 2000 auro
684 1943 828 2018 integere.
872 1939 929 2000 hoc
954 1941 1054 2000 nescio
1078 1958 1149 2006 annu

117 2024 274 2084 Romanum
297 2025 384 2083 fuerit
406 2024 568 2099 inventum,
595 2032 676 2084 certe
706 2025 792 2084 etiam
819 2040 923 2082 nomen
945 2040 1002 2081 non
1025 2022 1113 2081 habet

77 2119 110 2174 16
123 2115 274 2167 vetustum.
298 2105 420 2182 Effigies
435 2105 578 2165 homiuum
593 2124 651 2167 uon
665 2106 800 2167 solebant
816 2107 935 2184 exprimi
950 2107 1003 2165 nisi
1018 2106 1112 2183 aliqua

117 2191 231 2250 inlustri
264 2207 349 2249 causa
376 2191 600 2268 perpetuitatem
627 2193 814 2267 merentium,
845 2191 938 2269 primo
965 2207 1113 2249 sacrorum

117 2277 302 2336 certaminum
321 2275 442 2333 victoria
457 2291 645 2352 maxumeque
662 2272 830 2352 Olympiae,
855 2274 903 2333 ubi
921 2275 1044 2333 omnium
1064 2274 1112 2351 qui

117 2360 257 2418 vicissent
281 2366 388 2418 statuas
412 2358 498 2417 dicari
520 2375 582 2417 mos
604 2367 684 2435 erat,
708 2375 807 2417 eorum
830 2375 904 2416 vero
927 2359 975 2436 qni
1001 2365 1047 2416 ter
1071 2356 1146 2417 ibina

117 2445 336 2521 superavissent
362 2460 400 2502 ex
424 2441 559 2501 membris
586 2444 714 2521 ipsorum
743 2439 927 2501 similitudine
958 2457 1117 2517 expressa,-

75 2537 107 2592 17
120 2545 190 2605 quas
207 2527 334 2586 iconicas
351 2533 462 2585 vocant.
497 2524 693 2585 Athenienses
707 2526 807 2584 nescio
823 2543 859 2584 an
874 2524 971 2602 primis
989 2523 1112 2582 omnium

116 2609 271 2669 Harmodio
289 2618 319 2669 et
334 2609 531 2686 Aristogitoni
549 2609 733 2685 tyrannicidis
751 2607 867 2686 publice
887 2607 1039 2687 posuerint
1056 2613 1112 2665 sta·

116 2701 188 2752 tuas.
218 2693 273 2752 hoc
290 2701 382 2751 actum
405 2701 451 2751 est
467 2691 570 2751 eodem
584 2709 657 2751 anno
677 2710 733 2770 quo
751 2701 780 2752 et
794 2690 904 2751 Romae
920 2708 1008 2768 reges
1025 2688 1111 2767 pulsi.

117 2785 240 2853 excepta
265 2775 369 2834 deinde
395 2794 444 2835 res
471 2781 517 2835 est
537 2792 553 2833 a
575 2782 638 2834 toto
663 2775 735 2835 orbe
753 2784 894 2835 terrarum
911 2773 1112 2835 humanissima
1122 2794 1147 2836 ao

116 2858 290 2934 ambitione,
312 2865 341 2917 et
363 2859 391 2916 in
414 2858 536 2917 omnium
558 2860 777 2936 municipiorum
797 2859 870 2919 foris
891 2866 1003 2917 statuae
1029 2872 1112 2916 orna·

116 2948 242 3001 mentum
259 2960 326 3000 esse
342 2957 471 3018 coepere
484 2943 697 3021 prorogarique
708 2943 846 3002 memoria
861 2941 1004 3002 hominum
1019 2948 1049 2999 et
1061 2938 1112 2998 ho·

116 3043 204 3086 nores
220 3023 336 3102 legendi
353 3042 426 3083 aevo
444 3024 562 3084 basibus
577 3026 707 3102 inscribi,
726 3045 762 3087 ne
780 3028 809 3086 in
824 3024 986 3104 sepulchris
1005 3030 1112 3082 tantum

116 3110 295 3186 legerentur.
328 3125 396 3166 mox
417 3109 510 3168 forum
532 3116 561 3167 et
580 3110 608 3167 in
623 3109 754 3170 domibus
770 3112 891 3188 privatis
908 3110 1011 3168 factum
1025 3114 1111 3184 atque

117 3195 146 3253 in
162 3194 242 3253 atriis
259 3193 352 3252 honos
369 3191 514 3251 clientium
530 3193 652 3252 instituit
667 3195 710 3252 sic
726 3194 825 3254 colere
844 3201 993 3271 patronos.
1121 3208 1146 3251 aa

74 3288 108 3343 18
182 3279 208 3337 5.
234 3278 311 3359 (10.)
336 3275 465 3354 Togatae
482 3275 596 3353 efligies
612 3279 768 3355 antiquitus
785 3280 824 3336 ita
843 3277 1032 3337 dicabantur.'
1051 3272 1110 3351 pla·

116 3379 203 3421 cuere
226 3370 255 3419 et
278 3362 369 3421 nudae
390 3369 524 3420 tenentes
540 3358 649 3420 hastam
672 3362 706 3421 ab
724 3361 904 3440 epheborum
921 3379 937 3419 e
954 3358 1110 3436 gymnasiis

108 3444 347 3521 exemplaribus,
371 3462 440 3522 quas
457 3443 606 3504 Achilleas
626 3454 738 3504 vocant.
782 3443 891 3504 Graeca
907 3461 955 3503 res
974 3441 1043 3501 nihil
1061 3459 1112 3502 ve·
