2378 3840
316 171 393 218 uun.
417 170 506 218 nrsr.
530 161 875 237 xxxv11.3.(11—13.)
1037 162 1090 221 151

100 326 222 403 quamsi
241 325 328 385 nimio
344 324 450 386 ardore
464 325 595 403 flagrent.
620 327 771 401 imaginem
789 326 903 401 igneam
921 326 1093 404 inliislesse,

100 428 157 468 non
169 410 282 485 ignem,
299 409 404 488 placet.
432 424 538 469 summa
553 408 615 467 laus
626 407 757 468 Falernis
773 426 789 467 a
803 409 860 467 vini
879 407 981 469 colore
998 409 1094 486 dictis,

100 493 178 552 molli
193 492 311 570 fulgore
328 493 501 571 perspicuis.
534 493 562 551 in
580 490 684 569 quihus
701 500 732 550 et
746 491 859 552 decocti
876 491 970 551 mellis
988 492 1094 552 lenitas

99 575 220 653 placeat.
251 594 352 636 verum
367 575 424 635 hoc
437 592 553 652 quoque
568 582 667 634 notum
682 574 744 635 heri
761 583 895 653 oportet,
910 593 1091 654 quocumque
1103 588 1138 641 48

77 659 184 718 amodo
197 658 287 719 libeat
297 661 387 735 tingui
398 657 555 718 haedorum
570 657 645 716 seho
659 667 688 717 et
704 658 847 719 anchusae
863 659 971 736 radice,
985 661 1093 738 quippe

99 743 153 800 iam
163 751 194 802 et
205 742 358 817 conchylio
369 741 540 801 inficiuntur.
559 748 688 800 ceterum
698 744 796 801 attritu
809 741 964 818 digitorum
976 752 1094 821 accepta

99 824 205 885 caloris
220 828 312 885 anima
326 824 438 883 trahunt
453 826 481 882 in
497 842 530 882 se
546 823 645 901 paleas
659 833 688 882 et
700 824 769 883 lolia
785 825 863 885 arida
879 834 909 885 et
921 825 1049 902 philyras
1064 835 1094 884 ut

97 926 217 985 magnes
229 908 302 985 lapis
313 909 430 967 ferrum.
444 915 572 967 ramenta
584 924 700 985 quoque
711 908 773 966 eius
783 907 851 968 oleo
863 908 960 969 addito
973 908 1093 985 ilagrant

98 989 249 1050 dilucidius
271 990 434 1067 diutiusque
455 1007 537 1067 quam
555 990 604 1049 lini
626 989 758 1050 medulla.
795 990 917 1051 Taxatio
934 994 962 1050 in
979 990 1091 1052 deliciis
1103 1005 1136 1058 49

47 1067 89 1132 'm
99 1081 175 1132 tanta
190 1081 221 1131 ut
236 1072 359 1133 hominis
372 1073 499 1151 quamvis
514 1091 603 1151 parva
615 1074 730 1151 efligies
748 1076 879 1135 vivorum
895 1075 1038 1135 hominum
1053 1078 1094 1134 ri-

98 1159 286 1234 gentiumque
298 1160 391 1235 pretia
402 1165 573 1235 exsuperet,
589 1175 709 1235 prorsus
720 1166 750 1217 ut
758 1160 911 1234 castigatio
926 1177 978 1218 una
988 1176 1046 1218 non
1056 1160 1094 1217 sit

99 1242 177 1299 satis.
210 1242 239 1300 in
256 1238 413 1300 Corinthiis
431 1259 482 1300 aes
498 1240 594 1318 placet
616 1249 739 1317 argento
761 1259 889 1319 auroque
907 1244 1043 1317 mixtum,
1065 1243 1094 1301 iu

98 1324 217 1384 caelatis
241 1341 289 1384 ars
312 1333 342 1383 et
361 1324 486 1400 ingenia.
523 1325 732 1400 myrrhinorum
757 1334 787 1385 et
807 1325 1038 1402 crystallinorum
1054 1325 1094 1384 di-

98 1409 190 1465 ximus
211 1409 350 1482 gratiam,
376 1409 499 1466 uniones
523 1408 618 1485 capite
639 1409 895 1485 circumferuntur,
921 1427 1052 1485 gemmae
1065 1427 1134 1472 usn·

65 1488 216 1565 redigitis,
228 1490 256 1547 in
272 1489 404 1548 omnihus
418 1489 544 1567 denique
560 1489 623 1548 aliis
637 1492 715 1549 vitiis
727 1500 775 1550 aut
787 1493 946 1550 ostentatio
963 1498 1010 1549 aut
1025 1507 1093 1550 usus

99 1572 212 1649 placet,
227 1574 255 1629 in
269 1573 375 1631 sucinis
391 1572 453 1631 sola
464 1572 630 1631 deliciarum
642 1574 829 1634 conscientia.
856 1573 998 1633 Domitius
1011 1572 1091 1632 Nero
1103 1583 1135 1632 oo

98 1657 127 1713 in
147 1656 256 1714 ceteris
277 1657 355 1714 vitae
384 1673 454 1715 suae
481 1657 625 1732 portentis
651 1657 773 1733 capillos
798 1674 914 1736 quoque
937 1657 1092 1734 Poppaeae

98 1739 231 1815 coniugis
248 1756 317 1798 suae
332 1740 362 1798 in
379 1738 435 1798 hoc
449 1755 554 1798 nomen
579 1739 769 1817 adoptaverat
787 1740 908 1819 quodam
929 1741 1015 1798 etiam
1033 1756 1094 1798 car·

97 1822 173 1881 mine
195 1823 312 1882 sucinos
327 1821 510 1901 appellando.
543 1824 677 1900 quoniam
699 1823 783 1882 nullis
804 1824 883 1882 vitiis
904 1822 1008 1882 desunt
1027 1840 1094 1899 pre-

62 1907 173 1969 rotiosa
193 1908 324 1983 nomina,
347 1925 385 1967 ex
404 1924 440 1965 eo
460 1907 562 1965 tertius
579 1905 627 1966 hic
644 1906 756 1984 quidam
774 1905 857 1967 colos
875 1908 974 1984 coepit
993 1906 1092 1983 expeti

97 1991 245 2050 matronis.
284 2009 353 2050 usus
373 1998 467 2049 tamen
486 1989 590 2067 aliquis
614 1992 778 2049 sucinorum
794 1991 939 2049 invenitur
959 1991 988 2050 in
1006 1987 1094 2048 medi·

98 2075 177 2149 cina,
198 2074 250 2134 sed
264 2091 323 2134 non
340 2075 378 2134 oh
398 2073 455 2133 hoc
477 2074 590 2133 feminis
607 2072 732 2151 placent.
768 2073 927 2134 Infantihus
944 2072 1092 2148 adalligari
1103 2081 1137 2136 st

98 2155 342 2216 amuleti·ratione
358 2157 488 2235 prodest.
516 2154 697 2215 Callistratus
714 2157 857 2235 prodesse
870 2158 956 2217 etiam
971 2158 1094 2216 cuicum·

99 2255 155 2314 que
169 2241 257 2298 aetati
274 2247 374 2298 contra
389 2238 602 2315 lymphationes
619 2238 705 2298 tradit
720 2247 750 2309 et
764 2243 865 2299 urinae
879 2238 1093 2299 difficultatibus

63 2331 195 2398 nepotum
224 2320 473 2397 adalligatumque.
519 2320 566 2380 hic
598 2329 628 2379 et
656 2322 847 2381 differentiam
872 2341 975 2382 novam
999 2321 1094 2381 attulit

98 2404 269 2482 appellando
287 2403 532 2480 chryselectrum,
549 2403 625 2480 quod
643 2405 681 2462 sit
697 2404 806 2464 coloris
821 2406 901 2463 aurei
914 2413 944 2462 et
955 2405 1094 2463 matutino

97 2488 252 2565 gratissimi
269 2486 442 2565 adspectus,
464 2487 677 2564 rapacissimum
692 2488 814 2563 ignium,
836 2489 860 2545 si
879 2488 958 2545 iuxta
974 2487 1093 2560 luerint,

98 2570 251 2629 celerrime
267 2570 433 2632 ardescens.
468 2569 526 2629 hoc
540 2569 618 2629 collo
633 2569 816 2647 adalligatum
833 2569 942 2628 mederi
962 2568 1094 2627 ichrihus

99 2661 128 2711 et
143 2653 269 2728 morhis,
294 2655 390 2712 tritum
406 2671 468 2712 cum
484 2653 571 2715 melle
587 2671 620 2712 ao
634 2670 759 2712 rosaceo
773 2656 883 2711 aurium
904 2653 982 2710 vitiis
998 2659 1045 2725 et,
1068 2651 1093 2709 si

62 2752 159 2818 mcum
191 2735 278 2794 malle
306 2736 405 2795 Attico
435 2744 561 2814 teratur,
589 2736 737 2796 oculorum
765 2752 881 2814 quoquc
911 2734 1091 2795 obscuritati.

97 2818 236 2878 stomachi
256 2821 341 2879 etiam
364 2821 442 2878 vitiis
466 2820 513 2879 vel
529 2839 582 2898 per
602 2839 635 2879 se
649 2821 741 2878 larina
758 2822 819 2878 eius
837 2826 948 2896 sumpta
966 2817 1013 2877 vel
1030 2834 1093 2877 cum

96 2900 236 2961 mastiche
251 2912 323 2985 poto
334 2920 463 2980 exaqua.
479 2901 583 2963 Sucina
599 2912 629 2963 et
640 2904 759 2980 gemmis
771 2922 845 2981 quae
859 2911 924 2962 sunt
937 2899 1091 2962 tralucidae

97 2983 292 3045 adulterandis
318 3003 451 3063 magnum
477 2986 585 3046 habent
612 2986 723 3064 locum,
757 3005 886 3047 maxume
914 2986 1091 3060 amethystis,

96 3085 159 3126 cum
173 3077 268 3129 tamen
284 3071 376 3146 omni,
394 3078 424 3128 ut
439 3068 577 3146 diximus,
594 3069 695 3129 colore
712 3073 885 3148 tinguantur.
1111 3089 1136 3122 ⁴0

61 3176 86 3217 st
160 3153 243 3231 (13.)
260 3152 305 3212 De
325 3152 457 3229 lyncurio
474 3169 614 3229 proxume
639 3152 694 3212 dici
710 3156 791 3232 cogit
804 3163 952 3215 auctorum
967 3152 1136 3229 partina-52

96 3235 1093 3314 cia,quippc,etiamsinonelectrumidessecontendunt,lyncnrium

96 3328 339 3397 tamengcmmam
353 3318 539 3396 essevolunt,
554 3320 615 3380 lieri
624 3327 719 3380 autem
729 3322 854 3380 exurina
863 3318 976 3398 quidem
989 3319 1093 3396 lyncis,

96 3403 147 3463 sed
164 3411 194 3463 et
211 3421 323 3480 genere
341 3412 455 3479 terrae,
470 3405 603 3481 protinus
620 3421 657 3464 eo
677 3404 789 3466 animali
808 3405 914 3464 urinam
927 3405 1096 3482 operiente,
