2378 3840
278 221 361 269 nnr.
380 221 472 269 mrsu.
494 221 615 295 quvr.
638 217 737 271 1213.
754 218 902 286 tlt—19.)
1037 206 1090 266 121

91 376 189 437 inditis
206 375 242 436 ad
255 377 400 437 fallendos
423 393 562 436 occursus
583 374 818 453 redeundumque
839 375 869 431 in
890 390 1010 433 errores
1027 390 1094 431 eos·

92 461 165 521 dem.
204 460 353 521 Secundus
374 460 422 520 hic
436 461 490 520 fuit
505 458 541 518 ab
557 459 707 536 Aegyptio
726 456 923 534 labyrinthus,
939 458 1043 516 tertius
1062 457 1091 515 in
1102 465 1137 521 86

90 543 218 621 Lemno,
240 553 358 623 quartus
378 547 408 605 in
429 542 529 619 ltalia,
557 560 657 602 omnes
685 541 784 620 lapide
810 540 904 618 polito
931 540 1093 600 fornicibus

92 629 181 705 tecti,
208 627 391 707 Aegyptius,
420 626 498 706 qnod
517 629 607 686 miror
630 626 781 704 equidem,
809 626 928 684 introitu
949 623 1093 702 lapidise

67 711 166 772 sParo
192 712 351 790 columnis,
374 712 488 790 reliqua
511 729 528 770 e
550 712 665 786 syenite
687 710 813 770 molibus
836 710 999 786 conpositis
1022 724 1093 787 quas

91 795 257 857 dissolvere
281 816 318 856 ne
341 795 460 856 saecula
483 794 599 872 quidem
619 796 752 873 possint,
780 792 981 853 adiuvantibus
1004 790 1096 851 llera·

90 880 261 958 cleopolitis
270 923 280 956 ,
296 880 374 959 quod
389 897 461 959 opus
474 880 596 937 invisum
609 880 682 937 mire
698 887 881 956 spectavere.
913 877 1092 955 positionem
1103 882 1136 938 87

91 965 193 1042 operis
211 965 274 1022 eius
295 962 484 1040 singulasque
503 965 596 1040 partis
618 980 756 1022 enarrare
773 979 831 1022 non
848 969 912 1038 est,
932 978 995 1020 cnm
1012 959 1095 1018 sitin

90 1049 231 1122 regiones
264 1045 386 1105 divisum
411 1054 498 1122 atque
525 1045 725 1123 praefecturas
749 1061 820 1122 quas
845 1050 951 1102 vocant
980 1059 1095 1117 nomos,

56 1127 160 1188 mXXl
185 1128 348 1188 nominibus
376 1146 479 1190 eorum
508 1128 630 1188 totidem
654 1129 744 1189 vastis
776 1128 907 1189 domibus
936 1127 1094 1200 attributis,

90 1220 247 1290 praeterea
264 1211 373 1289 templa
390 1214 515 1272 omnium
532 1212 662 1291 Aegypti
677 1211 798 1272 deorum
819 1213 968 1273 contineat
992 1228 1094 1288 super·

90 1315 147 1374 que
169 1295 304 1357 Nemesis
322 1295 372 1356 XL
395 1296 536 1358 aediculis
556 1296 725 1373 incluserit,
750 1295 915 1375 pyramides
945 1294 1094 1372 conpluris

90 1378 338 1457 quadragenarum
353 1381 482 1440 ulnarum
493 1398 579 1439 senas
595 1380 693 1439 radice
709 1397 809 1438 aruras
826 1380 996 1456 optinentis
1021 1378 1093 1437 fessi

90 1465 147 1523 iam
162 1463 257 1522 eundo
283 1466 459 1541 perveniunt
479 1462 515 1522 ad
537 1465 647 1522 viarum
662 1460 742 1520 illum
757 1460 994 1539 inexplicabilem
1012 1476 1094 1519 erro·

57 1559 168 1622 mrem,
191 1547 259 1623 quin
281 1555 311 1605 et
336 1544 474 1605 cenacula
499 1545 581 1604 clivis
598 1545 734 1620 excelsa,
756 1547 887 1622 porticus
911 1561 1027 1622 qnoque
1043 1542 1138 1605 dces

91 1627 268 1689 scenduntur
291 1630 453 1706 nonagenis
475 1628 631 1705 gradibus,
653 1631 729 1687 intus
752 1626 904 1687 columnae
920 1626 1094 1705 porphyrite

90 1711 207 1790 lapide,
229 1712 350 1772 deorum
371 1710 539 1788 simulacra,
560 1729 662 1788 regum
685 1719 815 1787 statuae,
841 1711 1036 1771 monstrificae
1055 1710 1095 1770 ef·

91 1797 186 1873 ligies.
224 1796 398 1874 quarundam
425 1794 557 1854 domuum
590 1795 655 1855 talis
679 1803 725 1855 est
751 1796 824 1854 situs
848 1803 881 1853 ut
901 1794 1096 1873 adaperienti·

91 1881 145 1940 bus
163 1880 245 1941 fores
261 1882 418 1941 tonitruum
433 1881 510 1938 intus
527 1878 661 1939 terribile
678 1880 813 1954 exsistat,
828 1879 939 1938 maiore
955 1887 1051 1938 autem
1066 1879 1095 1937 in

55 1980 81 2022 ao
90 1972 174 2042 parte
192 1966 329 2025 transitus
351 1972 398 2024 est
421 1982 476 2042 per
491 1964 640 2023 tenebras.
673 1962 747 2022 aliae
766 1981 867 2022 rursus
885 1971 969 2022 extra
985 1980 1095 2021 murum

89 2047 245 2125 labyrinthi
268 2048 465 2109 aedificiorum
484 2048 597 2124 moles,
617 2056 725 2127 pteron
742 2046 899 2126 appellant.
937 2046 1003 2106 inde
1020 2046 1094 2106 aliae

89 2132 234 2208 perfossis
251 2132 390 2191 cuniculis
409 2131 618 2192 subterraneae
631 2133 741 2197 donnus.
767 2133 875 2192 refecit
890 2150 963 2190 nnus
976 2131 1091 2190 omnino
1103 2137 1138 2193 89

90 2231 181 2291 pauca
199 2214 240 2272 ibi
257 2212 438 2273 Chaeremon
456 2214 547 2290 spado
563 2213 724 2275 Necthebis
743 2217 825 2292 regis
840 2214 866 2275 D
883 2224 950 2274 ante
968 2213 1096 2274 Alexan·

91 2296 172 2355 drum
188 2293 323 2373 Magnum
343 2298 433 2355 annis.
450 2371 453 2376 Ι
471 2294 500 2354 id
524 2314 641 2374 quoque
663 2297 803 2373 traditur,
825 2297 944 2357 fulsisse
964 2297 1095 2357 trabibus

57 2382 196 2456 aspinae
218 2379 286 2439 oleo
307 2381 459 2456 incoctae,
482 2379 547 2438 dum
567 2380 696 2440 fornices
723 2381 855 2458 quadrati
877 2380 980 2457 lapidis
997 2379 1096 2439 adsur-

90 2472 205 2540 gerent.
235 2461 272 2523 Et
288 2463 325 2524 de
342 2461 460 2523 Cretico
477 2461 642 2538 labyrintho
660 2466 730 2523 satis
754 2462 859 2523 dictum
880 2470 934 2523 est.
973 2463 1017 2542 [3]
1038 2461 1138 2526 Le-oo

89 2549 181 2607 mnius
204 2547 307 2608 similis
321 2547 363 2607 illi
382 2548 523 2608 columnis
546 2554 653 2606 tantum
670 2557 785 2607 centum
807 2548 1014 2626 quinquaginta
1036 2565 1095 2606 me·

89 2629 261 2691 morabilior
293 2632 369 2708 luit,
404 2635 523 2708 quarum
551 2633 581 2690 in
616 2631 733 2691 officina
763 2631 895 2689 turbines
924 2633 964 2690 ita
996 2629 1094 2690 librati

90 2712 294 2790 pependerunt
315 2722 346 2772 nt
367 2731 461 2792 puero
484 2716 699 2791 circumagente
716 2721 912 2777 tornarentur.
942 2713 1094 2774 architecti

54 2795 169 2856 millum
183 2795 285 2857 fecere
300 2795 398 2857 Zmilis
415 2805 445 2857 et
458 2797 596 2858 Rhoecus
615 2808 645 2859 et
657 2797 830 2858 Theodorus
849 2796 1013 2876 indigenae.
1044 2816 1094 2858 ex·

90 2888 226 2956 stantque
248 2879 340 2940 adhuc
362 2880 505 2960 reliquiae
527 2883 607 2958 eius,
632 2900 695 2942 cum
718 2879 826 2942 Cretici
842 2880 994 2959 italicique
1016 2881 1095 2941 nulla

89 2963 216 3040 vestigia
243 2972 369 3024 exstent.
422 2965 465 3044 [4]
495 2963 625 3041 Namque
657 2975 687 3024 et
709 2964 839 3025 ltalicum
868 2965 923 3024 dici
954 2967 1136 3030 convenit91

90 3047 262 3126 quemfecit
278 3047 334 3107 sibi
350 3046 472 3107 Porsina
495 3066 550 3108 rex
565 3047 701 3108 Etruriae
718 3047 865 3126 sepulchri
883 3066 988 3125 causa,
1009 3049 1094 3108 simul

90 3138 121 3189 ut
141 3138 330 3191 externorum
351 3148 453 3208 regum
468 3133 578 3190 vanitas
601 3148 718 3209 quoque
737 3131 817 3192 ltalis
840 3141 1006 3211 superetur.
1041 3133 1094 3192 sed

55 3231 154 3274 mcum
177 3213 300 3274 excedat
322 3217 418 3275 omnia
438 3214 630 3290 fabulositas,
652 3223 765 3275 utemur
786 3217 877 3295 ipsius
895 3214 933 3274 bl.
951 3214 1093 3274 Varronis

90 3299 120 3357 in
142 3299 331 3376 expositione
354 3301 417 3360 eius
437 3300 554 3359 verbis:
584 3298 767 3377 Sepultus
794 3307 868 3376 est,
890 3301 998 3377 inquit,
1027 3299 1092 3358 sub

90 3382 182 3441 urbe
208 3379 357 3460 Clusio,
381 3384 417 3441 in
443 3399 511 3460 quo
533 3382 624 3443 loco
649 3386 911 3444 monimentum
932 3381 1093 3460 reliquit

90 3460 217 3541 lapide
240 3466 420 3544 quadrato
446 3466 678 3544 quadratum,
711 3467 866 3546 singula
886 3467 1022 3525 latera
1035 3480 1109 3534 qe-
