2378 3840
116 182 156 242 70
456 192 486 242 c.
504 192 601 242 rorur
616 192 765 242 succum

116 349 185 407 tium
212 348 338 408 celerius
359 356 597 425 consummatam,
628 366 691 409 cum
717 347 813 407 Iliacis
841 348 1022 427 temporibus
1051 366 1110 408 non

115 431 206 492 luisse
224 449 287 491 eam
301 431 447 509 adpareat.

74 525 106 579 19
169 517 203 575 ’4.
220 516 280 593 (7.)
301 514 386 593 Apud
406 513 553 575 Romanos
576 531 691 594 quoque
712 515 808 575 honos
831 524 942 576 mature
964 514 1030 575 huic
1054 516 1109 576 arti

115 599 248 676 contigit,
264 598 406 676 siquidem
421 599 591 677 cognomina
607 618 645 659 ex
656 618 691 659 ea
702 598 847 659 Pictorum
865 607 1015 660 traxerunt
1027 597 1108 659 Fabii

115 681 291 742 clarissimae
309 683 419 758 gentis,
436 684 632 761 princepsque
650 684 713 744 eius
730 683 911 760 cognominis
926 685 992 762 ipse
1007 681 1134 745 aedems

115 764 220 824 Salutis
245 767 338 843 pinxit
363 783 437 825 anno
459 764 540 826 urbis
566 766 700 826 conditae
722 763 873 844 doech,
901 784 976 846 quae
998 767 1111 844 pictura

115 846 228 908 duravit
243 850 276 908 ad
289 857 417 907 nostram
433 851 599 910 memoriam
616 849 688 911 aede
707 868 741 910 ea
754 847 853 909 Claudi
866 851 1028 929 principatu
1041 867 1110 909 exu-

115 939 167 990 sta.
203 949 343 1010 proxume
365 932 514 993 celebrata
539 941 585 993 est
608 936 638 992 in
664 934 730 993 loro
755 933 858 994 boario
881 933 954 994 aede
976 931 1110 993 llercnlis

113 1013 200 1075 Pacui
224 1023 332 1094 poetae
348 1018 468 1094 pictura.
504 1014 578 1078 Enni
595 1034 701 1078 sorore
717 1018 835 1094 genitus
849 1017 896 1078 hic
913 1018 983 1094 luit,
1007 1016 1111 1077 clario·

71 1109 106 1162 20
120 1117 239 1178 remque
257 1107 349 1160 artem
364 1117 427 1159 eam
441 1099 552 1160 Romae
568 1101 640 1161 lecit
653 1101 748 1178 gloria
766 1119 898 1162 scaenae.
928 1100 1036 1161 Postea
1052 1118 1110 1160 nou
1120 1120 1146 1163 ao

114 1191 160 1242 est
191 1190 321 1261 spectata
351 1181 483 1242 honestis
509 1185 658 1260 manibus,
687 1186 742 1243 nisi
762 1184 840 1246 forte
864 1186 928 1263 quis
951 1183 1110 1262 Turpilium

114 1266 242 1343 equitem
261 1264 420 1325 Romanum
442 1285 459 1326 e
481 1265 606 1326 Venetia
630 1275 748 1327 nostrae
772 1270 875 1328 aetatis
898 1267 969 1328 velit
994 1267 1109 1328 referre

114 1346 243 1426 pulchris
260 1349 323 1408 eius
340 1349 479 1427 operibus
495 1349 642 1428 hodieque
654 1350 791 1412 Veronae
804 1352 996 1416 exstantibus.
1027 1351 1110 1411 laeva

113 1434 138 1490 is
157 1451 240 1492 mann
256 1433 365 1510 pinxit,
389 1433 465 1510 quod
480 1430 518 1494 de
531 1434 611 1495 nullo
626 1443 692 1496 ante
714 1443 896 1496 memoratur.
926 1435 1025 1514 parvis
1046 1435 1110 1512 glo·

113 1517 240 1577 riabatur
258 1516 376 1576 tabellis
394 1519 556 1577 exstinctus
571 1536 665 1597 nuper
682 1521 712 1579 in
731 1519 820 1596 longa
842 1527 961 1580 senecta
977 1516 1144 1579 Titediusas

113 1599 212 1660 Labeo
231 1603 415 1678 praetorius,
431 1604 517 1661 etiam
533 1602 741 1682 proconsulatu
756 1604 925 1681 provinciae
939 1601 1110 1663 Narbonen-

70 1695 100 1747 at
122 1685 162 1744 sis
184 1684 316 1761 functus,
339 1683 391 1744 sed
408 1702 443 1744 ea
461 1703 495 1746 rc
510 1687 539 1745 in
555 1686 616 1746 risu
632 1687 718 1746 etiam
733 1686 926 1747 contumeliae
942 1694 1012 1746 erat.
1043 1685 1110 1746 Fuit

113 1776 143 1828 et
168 1768 329 1846 principum
349 1769 478 1828 virorum
504 1787 562 1828 oon
584 1770 771 1830 omittendum
794 1771 831 1830 dc
855 1771 966 1848 pictura
988 1769 1108 1830 celebre

113 1851 274 1926 consilium.
294 1869 357 1911 cnm
373 1848 427 1923 Qu.
443 1851 549 1912 Pedius
564 1870 658 1931 nepos
675 1849 728 1924 Qu.
749 1852 819 1914 Pedi
835 1853 996 1914 consularis
1012 1854 1109 1914 trium-

116 1938 268 2016 phalisque
286 1942 316 1995 ct
328 1951 345 1994 a
357 1931 485 1992 Caesare
499 1931 643 1992 dictatore
661 1929 815 1991 coheredis
830 1928 964 2008 Augusto
980 1929 1038 1989 dati
1057 1946 1107 1988 na·
1118 1951 1144 1992 ao

117 2029 180 2079 tura
191 2027 285 2077 mutus
302 2023 394 2092 esset,
405 2017 435 2074 in
448 2033 484 2074 eo
496 2013 622 2074 blessala
635 2022 744 2088 orator,
758 2032 796 2073 ex
811 2015 892 2073 cuius
904 2013 1010 2074 familia
1021 2013 1105 2090 pueri

115 2103 178 2160 avia
195 2100 309 2176 luerat,
328 2100 469 2177 picturam
490 2097 650 2158 docendum
670 2099 800 2173 censuit,
825 2096 912 2174 idque
928 2098 1013 2156 etiam
1028 2093 1112 2153 divos

115 2183 265 2259 Augustus
282 2181 485 2260 conprobavit,
501 2199 575 2260 puer
589 2183 684 2260 magni
697 2182 847 2260 proiectus
864 2181 893 2239 in
906 2198 940 2240 ea
952 2188 1014 2239 arte
1030 2177 1111 2236 obiit.

72 2267 255 2345 22Dignatio
279 2273 375 2326 autem
398 2267 555 2344 praecipua
570 2263 681 2326 Romae
707 2267 847 2342 increvit,
868 2272 898 2323 ut
920 2264 1071 2336 existimo,
1096 2277 1113 2318 a

114 2349 160 2410 Μ’.
179 2349 300 2410 Valerio
314 2348 447 2409 Maxumo
460 2349 598 2427 Messala,
612 2352 660 2429 qui
673 2351 811 2428 princeps
823 2347 957 2422 tabulam,
973 2347 1112 2423 picturam
1122 2360 1148 2398 aa

116 2435 211 2514 proeli
237 2451 295 2512 quo
317 2430 567 2511 Carthaginiensis
592 2441 622 2493 et
641 2432 798 2493 Hieronem
818 2432 848 2488 in
868 2427 966 2487 Sicilia
989 2429 1112 2501 vicerat,

115 2519 271 2597 proposuit
293 2519 322 2577 in
346 2517 440 2578 latere
462 2519 560 2577 curiae
582 2515 725 2575 Hostiliae
746 2529 820 2573 anno
839 2508 875 2569 ab
900 2508 972 2568 urbe
996 2507 1112 2567 condita

115 2598 276 2662 000οΧ0.
306 2600 447 2661 fecithoc
464 2600 539 2660 idem
555 2608 585 2659 et
600 2597 630 2657 b.
647 2597 757 2674 Scipio,
775 2591 958 2669 tabulamque
969 2592 1112 2651 victoriae

115 2703 184 2744 suae
194 2684 344 2744 Asiaticae
354 2685 383 2743 in
397 2681 543 2762 Capitolio
554 2680 666 2759 posuit,
677 2678 765 2756 idque
777 2694 867 2754 aegre
878 2675 981 2736 tulisse
993 2675 1113 2735 lratrem

114 2767 282 2826 Africanum
293 2767 408 2826 tradunt
418 2764 492 2825 haud
506 2764 652 2839 inmerito,
669 2760 781 2840 quando
794 2760 870 2821 lilius
882 2759 946 2820 eius
957 2758 1009 2819 illo
1025 2775 1113 2837 proe·
1123 2773 1150 2816 ao

72 2861 107 2916 aa
121 2848 161 2908 lio
183 2856 284 2925 captus
301 2848 404 2908 luerat.
437 2866 496 2907 non
513 2845 681 2907 dissimilem
699 2845 890 2906 offensionem
914 2852 943 2903 et
958 2842 1124 2918 Aemiliani⁴

116 2931 203 2992 subiit
226 2929 330 2990 Lucius
358 2930 499 2990 hostilius
522 2928 669 2989 Mancinus
699 2930 748 3008 qui
776 2930 884 3007 primus
909 2923 1113 3003 Carthaginem

115 3019 263 3093 inruperat
281 3015 365 3073 situm
381 3016 445 3075 eius
461 3015 753 3093 oppugnationesque
774 3012 904 3091 depictas
920 3007 1112 3090 proponendo

115 3103 144 3160 in
159 3100 226 3159 loro
245 3098 351 3176 etipse
366 3097 510 3161 adsistens
529 3096 638 3177 populo
656 3098 798 3177 spectanti
811 3094 924 3173 singula
941 3091 1112 3169 enarrando,

116 3203 171 3264 qua
203 3185 338 3244 comitate
369 3185 518 3261 proxumis
553 3182 678 3242 comitiis
709 3179 887 3242 consulatum
908 3178 1030 3256 adeptus
1056 3183 1149 3236 estas

91 3267 215 3404 yabuit
241 3276 271 3328 et
285 3285 389 3328 scaena
410 3266 484 3327 ludis
503 3265 603 3326 claudi
617 3264 733 3326 Pulchri
749 3281 879 3342 magnam
898 3261 1114 3322 admirationem

81 3353 92 3387 ⁸*
117 3355 265 3430 picturae,
284 3370 347 3412 cum
362 3351 396 3411 ad
412 3350 573 3429 tegularum
588 3350 803 3411 similitudinem
819 3346 900 3408 corvi
915 3345 1033 3425 decepti
1047 3345 1116 3405 ima·

108 3437 184 3510 gine
201 3435 381 3496 advolarent.
