2378 3840
139 179 199 239 tttb
484 188 514 237 c.
536 187 633 235 Pnrnr
652 187 804 236 saeuum

137 363 257 424 porum,
281 344 319 404 ob
342 343 400 404 hoc
421 343 528 404 talibus
552 343 717 422 emplastris
738 342 976 419 malagmatisque
994 341 1143 401 miscetur.

136 429 257 489 renibus
280 445 398 506 quoque
415 436 445 488 et
462 427 566 487 lumbis
591 427 740 488 indolere
757 444 820 485 cum
834 425 920 503 adipe
935 426 1008 486 mire
1023 424 1146 503 prodest

137 513 315 590 inpositum·
335 513 431 573 aufert
447 520 478 571 et
498 511 628 571 lichenas
644 512 731 571 faciei
747 528 810 570 curn
824 508 984 569 terebinthi
1001 510 1100 569 resina
1117 519 1147 570 et

93 665 95 668 Α
136 597 235 675 lepras
247 596 367 674 harpax.
394 597 433 656 ita
445 604 567 655 vocatur
579 614 596 655 a
609 595 763 656 celeritate
775 591 952 673 prendendi,
968 593 1054 652 avelli
1069 596 1147 654 enim

95 690 144 746 177
155 679 278 740 subinde
291 680 390 740 debet.
422 679 544 759 prodest
559 688 589 739 et
603 680 773 758 suspiriosis
789 678 889 754 linctu,
905 677 1060 755 purulenta
1076 696 1173 756 quc-s

137 783 193 842 que
215 764 445 825 extussientibus
473 771 503 823 et
524 771 626 823 contra
649 763 837 841 scorpionum
857 763 941 820 ictus.
985 761 1146 838 vitiligines

136 850 235 907 vivom
256 850 333 908 nitro
358 850 477 908 mixtum
499 855 586 927 atque
609 866 647 908 ex
667 854 752 907 aceto
769 847 867 905 tritum
883 852 914 906 et
930 845 1041 905 inlitum
1057 846 1146 922 tollit,

137 933 207 990 item
235 931 356 1008 lendes,
381 940 412 994 et
434 933 464 991 in
484 931 635 1010 palpebris
656 926 745 991 aceto
768 929 956 990 sandaracato
981 929 1146 990 admixtum.

137 1014 234 1075 llabet
253 1025 282 1076 et
306 1017 336 1076 in
356 1016 550 1094 religionibus
567 1015 661 1076 locum
685 1015 720 1075 ad
739 1013 896 1093 expiandas
916 1014 1013 1073 suffitu
1031 1014 1145 1074 domos.

137 1102 263 1159 sentitur
278 1101 324 1160 vis
342 1101 405 1161 eius
423 1109 453 1160 et
475 1102 505 1158 in
520 1103 602 1178 aquis
623 1099 827 1174 ferventibus,
851 1115 947 1174 neque
970 1097 1025 1156 alia
1040 1116 1090 1157 res
1106 1098 1181 1157 fa-ro

137 1182 221 1242 cilius
239 1184 423 1260 accenditur,
440 1200 498 1261 quo
512 1183 634 1262 adparet
649 1184 759 1260 ignium
774 1183 832 1240 vim
847 1198 977 1258 magnam
992 1183 1020 1241 ei
1036 1182 1145 1242 inesse.

136 1265 275 1346 fulmina,
299 1270 414 1342 fulgura
439 1285 555 1345 quoque
582 1268 708 1346 sulpuris
735 1266 855 1326 odorem
881 1266 1005 1344 habent,
1040 1283 1074 1324 ac
1097 1265 1147 1324 lux

137 1351 201 1426 ipsa
220 1366 321 1409 eorum
338 1348 475 1426 sulpurea
492 1356 546 1408 est.

96 1443 147 1497 178
208 1429 288 1513 (51.)
307 1431 345 1491 m
360 1432 505 1492 bituminis
523 1433 618 1492 vicina
633 1439 733 1491 natura
752 1439 815 1508 est,
830 1429 918 1490 aliubi
937 1431 1038 1508 limus,
1056 1430 1145 1491 aliubi

95 1523 245 1594 aeterra,
261 1516 345 1577 limus
361 1516 515 1577 eludaeae
531 1516 612 1593 lacu,
628 1525 659 1576 ut
675 1514 815 1592 diximus,
832 1533 1005 1592 emergens,
1022 1523 1101 1575 terra
1116 1517 1146 1576 in
1157 1537 1180 1577 u

138 1599 222 1676 Syria
244 1602 320 1661 circa
343 1600 481 1661 Sidonem
503 1602 640 1680 oppidum
661 1601 842 1659 maritimum.
889 1600 1051 1678 spissantur
1072 1598 1146 1659 haec

138 1691 261 1762 utraque
277 1693 307 1745 et
322 1686 351 1744 in
368 1684 541 1745 densitatem
556 1693 672 1745 coeunt.
700 1693 746 1743 est
761 1701 834 1745 vero
850 1683 988 1762 liquidum
1004 1682 1145 1760 bitumen,

138 1769 212 1827 sicut
227 1768 414 1846 Zacynthium
437 1779 468 1829 et
485 1769 563 1846 quod
577 1788 594 1829 a
609 1768 761 1844 Babylone
782 1767 938 1828 invehitur.
974 1768 1014 1827 ibi
1030 1768 1146 1845 quidem

138 1861 168 1912 et
184 1853 332 1913 candidum
347 1855 485 1930 gignitur.
516 1853 654 1931 liquidum
671 1860 716 1911 est
738 1859 768 1911 et
784 1851 1048 1930 Apolloniaticum,
1070 1869 1145 1930 quae

138 1940 231 1997 omnia
247 1935 351 1996 Graeci
375 1936 592 2014 pissasphalton
613 1934 762 2014 appellant
780 1954 819 1995 ex
835 1944 1006 2012 argumento
1022 1936 1095 2013 picis
1112 1953 1179 1997 acm

95 2019 308 2083 ltbbitnminis.
351 2021 481 2096 gignitur
509 2028 540 2079 et
563 2021 671 2096 pingue
697 2018 815 2096 oleique
839 2019 962 2096 liquoris
985 2021 1014 2078 in
1034 2019 1144 2096 Sicilia,

137 2101 340 2178 Agragantino
363 2104 463 2179 fonte,
484 2104 617 2163 inliciens
638 2104 741 2163 rivom.
772 2103 886 2163 incolae
905 2103 934 2163 id
958 2102 1145 2164 harundinum

137 2185 279 2263 paniculis
297 2186 440 2265 colligunt
457 2188 599 2248 citissime
611 2188 654 2248 sic
668 2187 901 2264 adhaerescens,
916 2195 1092 2266 utunturque
1108 2204 1144 2246 eo

138 2269 172 2328 ad
186 2269 479 2331 lucernarumlumina
496 2271 555 2332 olei
570 2273 647 2350 vice,
662 2274 732 2333 item
747 2273 876 2344 scabiem
890 2271 925 2331 ad
940 2273 1143 2331 iumentorum.

95 2372 155 2415 aaa
165 2353 238 2414 Sunt
250 2357 298 2433 qui
315 2365 345 2416 et
357 2355 528 2434 naphtham,
544 2357 580 2418 de
595 2375 651 2436 qua
666 2356 835 2417 insecundo
849 2355 971 2415 diximus
986 2355 1180 2432 volumine,2s

138 2439 285 2499 bituminis
300 2441 461 2518 generibus
478 2441 661 2518 adscribant,
679 2458 780 2500 verum
795 2441 859 2497 eius
876 2436 981 2495 ardens
996 2446 1099 2497 natura
1115 2447 1146 2497 et

95 2525 260 2601 180ignium
284 2534 407 2601 cognata
429 2525 534 2604 procul
554 2525 589 2585 ab
607 2525 682 2583 omni
701 2540 753 2581 usu
776 2520 869 2580 abest.
904 2517 1054 2577 bituminis
1076 2537 1146 2597 pro-

137 2608 217 2667 batio
233 2616 361 2685 utquam
375 2626 506 2669 maxume
523 2607 677 2686 splendeat
693 2607 790 2682 sitque
807 2602 1022 2682 ponderosum,
1041 2621 1145 2682 grave,

137 2691 205 2751 leve
221 2699 317 2750 autem
330 2691 460 2760 modice,
480 2692 615 2769 quoniam
632 2687 811 2748 adulteratur
826 2689 901 2768 pice.
931 2687 976 2746 vis
993 2705 1068 2766 quae
1087 2689 1145 2748 sul·

137 2775 218 2850 puri,
235 2775 324 2850 sistit,
341 2775 469 2852 discutit,
488 2771 646 2849 contrahit,
660 2771 792 2850 glutinat.
825 2772 972 2852 serpentis
990 2790 1180 2834 accensumeo

138 2855 241 2915 nidore
259 2857 350 2931 fugat.
383 2857 418 2917 ad
434 2856 788 2938 subfusionesoculorum
804 2865 834 2917 et
849 2857 1004 2933 albugines
1019 2856 1145 2933 Rabylo-

137 2941 214 2998 nium
231 2939 336 2998 efficax
358 2940 496 3017 traditur,
520 2941 589 2999 item
612 2939 647 3000 ad
664 2940 780 3019 lepras,
803 2941 933 3002 lichenas
955 2943 1143 3019 pruritusque

138 3041 304 3101 corporum.
336 3023 465 3083 inlinitur
487 3032 518 3085 et
539 3023 695 3103 podagris,
719 3027 812 3086 omnia
833 3034 929 3087 autem
947 3025 1011 3085 eius
1031 3043 1143 3102 genera

136 3106 335 3168 incommodos
368 3107 519 3168 oculorum
546 3109 622 3188 pilos
653 3110 815 3188 replicant,
839 3110 967 3171 dentium
991 3108 1143 3169 doloribus

96 3206 145 3259 181
157 3191 309 3252 medentur
328 3192 410 3253 simul
436 3194 513 3254 nitro
537 3193 630 3254 inlito.
662 3196 763 3255 tussim
784 3203 918 3255 veterem
943 3202 973 3254 et
1000 3191 1143 3253 anhelitus
1154 3214 1179 3255 aa

137 3296 201 3339 curn
220 3278 288 3337 vino
309 3286 410 3356 potum
429 3277 479 3356 **,
501 3278 686 3356 dysintericis
713 3281 799 3340 etiam
824 3277 906 3339 datur
928 3278 1033 3339 eodem
1055 3275 1144 3337 modo

138 3363 273 3439 sistitque
296 3363 399 3424 alvom.
431 3381 494 3424 cum
518 3371 603 3423 aceto
626 3382 701 3424 vero
722 3371 821 3442 potum
840 3361 957 3423 discutit
974 3369 1143 3422 concretum

33 3521 36 3524 Α
125 3448 304 3522 sanguinem
318 3466 353 3510 ae
368 3446 502 3510 detrabit.
535 3448 649 3526 mitigat
663 3447 825 3508 lumborum
840 3446 971 3522 dolores,
986 3448 1057 3506 item
1071 3447 1143 3506 arti-
