2378 3840
119 197 176 256 146
460 205 491 252 c.
506 205 600 254 Pcrur
618 204 767 252 succum

115 360 274 437 praeludit,
308 364 394 420 etiam
413 358 525 418 Neroni
547 359 618 418 satis
643 367 715 419 erat.
755 357 813 417 vidi
838 364 904 416 tunc
931 356 1113 419 adnumerari

115 445 197 502 unius
210 444 310 522 scyphi
325 444 408 503 fracti
427 441 572 516 membra,
588 460 662 518 quae
676 444 705 500 in
716 440 865 515 dolorem,
881 440 987 515 credo,
1000 442 1112 502 saeculi

113 526 305 605 invidiamque
325 526 471 585 Fortunae
494 532 634 601 tamquam
654 524 813 584 Alexandri
835 522 930 600 Magni
949 521 1061 601 corpus
1082 527 1114 585 in

71 619 106 672 20
117 610 280 670 conditorio
304 610 465 670 servarint
485 615 703 668 ostentarentur
723 607 866 685 placebat.
902 605 933 665 Τ.
955 606 1114 669 Petronius

114 693 276 753 consularis
296 694 452 752 moriturus
481 690 587 750 invidia
606 689 734 750 Neronis
763 698 794 749 ut
820 707 947 749 mensam
972 691 1035 750 eius
1063 698 1151 754 err-s'

113 775 287 854 heredaret,
310 775 424 836 trullam
437 772 609 850 myrrhinam
627 773 681 833 HS.
697 774 768 840 {th
783 781 906 850 emptam
927 772 1035 850 fregit,
1060 775 1115 835 sed

113 857 213 935 Nero,
236 867 265 918 ut
287 878 339 938 par
361 867 423 918 erat
444 859 621 935 principem,
642 859 713 917 vicit
735 858 826 916 omnis
846 854 900 914 its.
918 851 957 939 ΙῑΙ
981 857 1115 934 capidem

115 961 196 1001 unam
212 943 348 1020 parando.
375 940 557 1000 memoranda
573 960 622 1000 res
636 943 706 1000 tanti
722 943 928 1017 imperatorem
943 947 1115 1018 patremque

114 1027 226 1102 patriae
243 1024 369 1086 bibisse!

72 1120 104 1171 21
183 1109 242 1188 (8.)
265 1108 370 1168 Oriens
394 1107 538 1183 myrrhina
565 1108 661 1166 mittit.
709 1107 892 1166 inveniuntur
916 1105 956 1166 ibi
981 1105 1115 1184 pluribus
1125 1131 1151 1174 ιο

113 1191 187 1250 locis
201 1210 255 1250 nec
266 1191 445 1268 insignibus,
457 1208 588 1249 maxume
600 1189 724 1249 Parthici
737 1191 821 1266 regni
829 1231 838 1265 ,
851 1191 1007 1269 praecipua
1018 1197 1117 1250 tamen

115 1276 143 1332 in
160 1271 318 1333 Carmania.
349 1290 478 1332 umorem
493 1272 546 1332 sub
568 1280 646 1332 terra
665 1280 766 1351 putant
782 1272 880 1332 calore
896 1273 1020 1333 densari.
1056 1290 1116 1331 am-

115 1357 256 1436 plitudine
285 1373 435 1434 numquam
464 1372 572 1434 parvos
600 1355 744 1416 excedunt
767 1356 891 1431 abacos,
921 1353 1116 1415 crassitudine

114 1458 181 1499 raro
199 1449 303 1517 quauta
322 1440 479 1499 dictasunt
496 1441 622 1516 potoria.
655 1439 794 1517 splendor
810 1447 855 1499 est
871 1441 907 1499 iis
923 1441 986 1498 sine
1002 1438 1115 1498 viribus

114 1526 252 1600 nitorque
264 1525 361 1583 verius
374 1540 457 1600 quam
472 1522 620 1600 splendor.
636 1523 689 1583 sed
699 1525 728 1581 in
738 1524 834 1600 pretio
848 1524 973 1582 varietas
983 1521 1117 1582 colorum
1126 1546 1152 1586 rs

115 1606 237 1665 subinde
254 1605 515 1682 circumagentibus
533 1624 566 1665 se
588 1606 706 1666 maculis
727 1607 756 1665 in
777 1624 931 1685 purpuram
947 1605 1117 1665 candorem·

116 1707 172 1767 que
191 1698 220 1749 et
236 1691 351 1750 tertium
369 1708 407 1749 ex
424 1697 567 1767 utroque,
588 1690 760 1766 ignescente
780 1689 871 1748 veluti
888 1707 943 1767 per
963 1689 1117 1747 transitum

73 1785 106 1836 22
118 1772 228 1832 coloris
249 1791 375 1851 purpura
394 1780 442 1831 aut
457 1773 633 1832 rubescente
650 1773 756 1832 lacteo.
794 1781 859 1831 sunt
876 1773 923 1850 qui
938 1789 1070 1831 maxinme
1085 1773 1117 1831 in

115 1857 151 1914 iis
173 1855 290 1916 laudent
320 1857 521 1916 extremitates
549 1865 579 1915 et
601 1855 739 1933 quosdam
766 1854 897 1915 colorum
920 1872 1115 1932 repercussus

116 1939 216 2017 quales
234 1941 263 1998 in
278 1939 400 1998 caelesti
416 1955 483 1998 arcu
499 1947 669 2016 spectantur
680 1940 737 1997 imi.
764 1938 828 1997 aliis
845 1940 969 2016 pingues
986 1937 1114 2015 placent,
1124 1963 1151 2003 20

114 2055 159 2070 -·
181 2022 327 2081 tralucere
347 2023 498 2099 quicquam
527 2031 575 2080 aut
599 2021 711 2098 pallere
728 2023 831 2080 uitium
855 2029 901 2081 est
925 2024 1115 2098 -itemque

115 2104 192 2163 sales
215 2121 416 2181 verrucaeque
437 2121 496 2162 non
517 2106 678 2163 eminentes
701 2105 754 2165 sed
775 2114 805 2163 ut
825 2107 855 2164 iu
876 2122 1003 2183 corpore
1027 2105 1115 2163 etiam

114 2187 284 2264 plerumque
300 2186 433 2246 sessiles.
466 2186 561 2265 aliqua
578 2196 607 2248 et
622 2189 650 2247 in
667 2188 759 2248 odore
775 2189 985 2248 commendatio
1001 2195 1055 2247 est.

73 2283 106 2334 23
181 2270 241 2349 (9.)
259 2267 411 2330 Contraria
426 2270 492 2330 huic
506 2289 592 2330 causa
609 2272 775 2347 crystallum
790 2272 860 2330 lacit
874 2271 943 2348 gelu
959 2270 1116 2330 vehemen-

115 2356 192 2413 tiore
209 2362 358 2413 concreto.
381 2372 439 2414 non
450 2354 538 2414 aliubi
559 2364 641 2414 certe
656 2357 802 2432 reperitur
820 2372 904 2430 quam
919 2353 967 2412 ubi
982 2371 1151 2418 maxumeas

115 2437 255 2496 hibernae
277 2439 360 2496 nives
387 2439 500 2514 rigent,
525 2436 706 2514 glaciemque
731 2455 799 2497 esse
820 2443 930 2493 certum
948 2443 1011 2506 est,
1037 2437 1116 2497 unde

115 2537 219 2579 nomen
236 2518 340 2580 Graeci
358 2520 475 2579 dedere.
510 2521 608 2600 oriens
629 2529 659 2579 et
673 2519 745 2577 hauc
761 2518 865 2592 mittit,
888 2517 1021 2593 quoniam
1037 2515 1116 2578 ludi-

115 2620 166 2663 cae
192 2603 268 2662 nulla
290 2604 465 2681 praefertur.
502 2605 629 2662 nascitur
653 2603 733 2660 etin
756 2599 847 2677 Asia,
874 2599 1013 2659 vilissima
1035 2601 1116 2662 circa

115 2685 263 2745 Alabanda
293 2695 322 2745 et
348 2685 511 2746 Orthosiam
539 2685 742 2761 finitimisque,
771 2685 841 2743 item
864 2685 892 2742 in
914 2681 1029 2761 Cypro,
1059 2684 1115 2744 sed

72 2766 231 2829 uelandam
254 2771 284 2826 in
307 2767 426 2846 Europa
450 2769 566 2846 Alpium
590 2767 675 2843 iugis.
711 2766 782 2827 luba
809 2775 910 2827 auctor
930 2767 1023 2827 estin
1044 2783 1152 2844 qua-³0

116 2849 178 2908 dam
193 2850 285 2908 insula
300 2849 391 2909 Rubri
406 2853 492 2910 maris
508 2859 574 2908 ante
590 2848 727 2910 Arabiam
742 2852 797 2910 sita
812 2852 890 2910 nasci
907 2868 981 2928 quac
993 2848 1116 2910 Necron

114 2939 252 3006 vocetur,
275 2935 349 2990 etin
366 2950 400 2992 ea
417 2950 491 3011 quae
508 2935 587 2992 iuxta
606 2951 746 3010 gemmam
768 2943 902 3011 topazum
918 2934 1011 3009 ierat,
1033 2932 1115 2992 cubi-

116 3015 259 3091 talemque
282 3014 418 3074 effossam
440 3033 456 3074 a
474 3015 638 3093 Pythagora
659 3017 819 3078 Ptolemaei
841 3019 921 3093 regis
947 3016 1114 3094 praelecto,

116 3096 270 3158 Cornelius
284 3098 416 3158 Bocchus
432 3108 463 3158 et
480 3101 509 3159 iu
519 3098 666 3160 Lusitania
683 3118 821 3179 perquam
834 3100 955 3159 mirandi
972 3099 1114 3176 ponderis

115 3184 144 3241 iu
168 3181 388 3243 Ammaensibus
419 3184 513 3261 iugis,
548 3184 697 3262 depressis
725 3184 761 3244 ad
791 3183 991 3243 libramentum
1020 3200 1151 3260 aquaem

71 3275 105 3328 25
118 3267 224 3344 puteis·
253 3265 309 3326 hoc
320 3269 436 3344 mirum,
455 3268 531 3345 quod
543 3266 727 3328 Xenocrates
739 3266 885 3344 Ephesius
900 3266 1000 3342 tradit,
1015 3275 1112 3326 aratro

113 3351 143 3408 in
167 3348 238 3408 Asia
260 3359 291 3410 et
313 3347 411 3429 Cypro
437 3353 574 3427 excitari,
597 3370 655 3411 uon
682 3353 757 3412 enim
778 3351 904 3428 reperiri
927 3351 956 3407 in
980 3357 1115 3426 terreno,

96 3448 159 3490 nec
170 3434 235 3493 nisi
246 3435 329 3496 r’nter
343 3436 439 3498 cautis
454 3436 596 3498 creditum
610 3437 714 3497 lucrat.
741 3434 861 3493 similius
879 3434 942 3491 veri
958 3437 1015 3506 est,
1035 3432 1116 3506 quod
