2378 3840
127 170 185 230 134
467 181 497 230 c.
514 149 774 232 rmnrsnconor

124 339 227 397 sanite.
263 335 310 395 hic
331 336 407 396 enim
425 336 500 415 lapis
519 335 589 396 nihil
606 353 643 396 ex
664 354 731 395 sese
749 337 877 396 remittit.
908 337 927 395 ii
944 336 1055 415 lapides
1073 340 1121 416 qui

123 438 221 479 sucum
244 419 366 479 reddunt
393 419 541 480 oculorum
562 420 778 480 medicamentis
799 419 887 480 utiles
911 421 1121 499 existimantur,

81 514 132 568 158
143 503 210 564 ideo
227 503 396 582 Aethiopici
412 503 448 564 ad
463 521 498 564 ea
515 521 645 563 maxume
661 503 831 581 probantur.
862 501 1033 564 Taenarium
1049 505 1120 584 lapi-

120 588 186 648 dem
204 596 235 647 et
250 587 446 648 Phoeniceum
456 596 486 647 et
502 587 677 666 haematiten
692 587 727 645 iis
743 587 959 648 medicamentis
976 589 1120 666 prodesse

120 671 235 732 tradunt
260 689 334 750 quae
356 691 394 731 ex
417 688 505 732 croco
527 678 745 750 conponantur,
770 688 807 730 ex
826 671 884 732 alio
906 668 1049 732 Taenario
1072 675 1146 750 qui5

121 757 206 832 niger
221 763 267 815 est
282 763 313 815 et
329 774 368 816 ex
382 754 467 815 Pario
483 754 579 834 lapide
596 773 655 815 non
672 771 766 831 aeque
787 755 906 815 medicis
932 755 1047 832 utilem,
1069 774 1121 834 po·

121 840 285 917 tioremque
309 859 346 898 ex
367 839 534 899 alabastrite
552 838 700 918 Aegyptio
725 838 773 897 vel
789 856 826 898 ex
843 838 944 916 ophite
962 839 1038 899 albo.
1074 847 1121 899 est

121 925 196 982 enim
211 922 267 982 hoc
282 942 375 1000 genus
393 923 501 1002 ophitis
519 941 558 983 ex
575 940 632 1001 quo
656 940 724 982 vasa
745 931 776 982 et
793 922 881 982 cados
896 923 983 983 etiam
1003 923 1118 984 iaciunt.

79 1017 129 1073 159
204 1007 286 1085 (44.)
310 1007 342 1066 ln
364 1006 474 1085 Siphno
498 1007 571 1086 lapis
595 1007 710 1084 estqui
737 1016 854 1067 cavatur
877 1014 1065 1085 tornaturque
1090 1008 1120 1068 in

120 1109 188 1151 vasa
203 1091 252 1151 rel
269 1091 428 1170 coquendis
447 1091 520 1152 cibis
536 1090 617 1151 utilia
625 1091 681 1151 ·vel
696 1089 732 1151 ad
750 1090 918 1151 esculentos
934 1109 1019 1169 rasus,
1042 1090 1120 1169 qnod
1131 1112 1156 1153 ro

120 1183 150 1234 et
167 1175 203 1234 ‘in
220 1173 357 1236 comensi
381 1175 483 1236 ltaliae
504 1175 600 1254 lapide
621 1174 707 1234 viridi
727 1174 863 1234 accidere
879 1175 1001 1251 scimus,
1022 1175 1120 1235 sedin

119 1256 241 1337 Siphnio
258 1260 406 1336 singulare
429 1259 507 1337 quod
528 1258 706 1318 excalfactus
726 1257 793 1317 oleo
815 1259 956 1335 nigrescit
978 1258 1120 1319 durescit-

118 1359 175 1419 que
191 1342 386 1403 mollissimus.
419 1350 496 1404 tanta
514 1342 692 1420 qualitatium
703 1340 866 1402 differentia
889 1351 953 1419 est,
970 1359 1032 1401 nam
1047 1341 1120 1400 mol-

118 1425 199 1486 litiae
211 1435 289 1486 trans
301 1427 386 1506 Alpis
399 1428 555 1506 praecipua
567 1434 632 1486 snut
644 1425 776 1504 exempla
791 1427 820 1485 in
835 1425 953 1503 Belgica
968 1426 1118 1504 provincia

118 1509 267 1569 candidum
288 1511 413 1589 lapidem
429 1529 511 1571 serra
527 1529 581 1588 qua
601 1509 710 1586 lignum
726 1509 898 1588 faciliusque
915 1511 1002 1570 etiam
1017 1527 1117 1570 secan·
1129 1535 1154 1574 ra

118 1595 187 1652 tium
205 1594 240 1654 ad
257 1595 418 1673 tegularum
431 1603 469 1656 ‘et
489 1595 638 1654 imbricum
659 1594 752 1654 vicem
771 1592 837 1670 vol,
865 1595 890 1653 si
910 1593 1018 1669 libeat,
1043 1611 1117 1672 quac

116 1685 223 1818 pocant
253 1696 420 1756 pavonacea
452 1679 570 1758 tegendi
602 1695 721 1754 genera.
773 1685 803 1737 et
834 1677 862 1737 hi
889 1675 1005 1756 quidem
1031 1679 1118 1738 secti·

129 1769 252 1821 essunt.

76 1854 126 1910 160
201 1847 283 1925 (45.)
308 1845 475 1925 Specularis
499 1858 588 1924 vero,
612 1849 746 1925 quoniam
767 1854 798 1906 et
817 1845 865 1907 hic
886 1845 989 1926 lapidis
1010 1864 1116 1907 nomen

118 1931 248 2008 optinet,
271 1930 403 1990 faciliore
425 1931 515 1991 multo
534 1938 635 1991 natura
651 1930 767 1991 finditur
783 1931 812 1989 in
828 1930 1004 2008 quamlibeat
1019 1931 1114 1991 tenuis
1125 1952 1151 1994 ro

116 2022 237 2073 crustas.
269 2012 406 2090 Hispania
420 2014 496 2073 hunc
511 2022 618 2073 tantum
632 2015 753 2075 citerior
771 2013 838 2073 olim
853 2013 955 2092 dabat,
973 2032 1027 2074 nec
1042 2021 1117 2092 tota,

116 2097 170 2155 sed
191 2099 265 2157 intra
288 2104 403 2155 centum
426 2096 503 2156 milia
527 2115 663 2175 passuum
684 2099 761 2160 circa
786 2096 980 2176 Segobrigam
1002 2097 1114 2174 urbem,

115 2180 170 2238 iarn
193 2187 223 2238 et
239 2177 352 2258 Cypros
378 2189 407 2240 et
425 2177 608 2260 Cappadocia
631 2191 661 2242 et
678 2181 777 2243 Sicilia
798 2191 828 2242 ct
853 2201 946 2261 nuper
969 2183 1116 2242 inventum

22 2299 25 2303 -
115 2261 232 2339 Africa,
263 2264 470 2342 postferendos
493 2275 587 2326 tamen
613 2267 705 2327 omnis
728 2267 902 2346 Hispaniae,
931 2263 1115 2344 Cappadocia

74 2356 121 2411 161
135 2348 328 2426 amplissimos
350 2350 562 2428 magnitudine,
584 2350 636 2411 sed
651 2352 804 2412 obscuros.
842 2349 914 2409 Sunt
930 2357 959 2408 et
976 2351 1005 2407 in
1019 2349 1151 2409 Bono-as

114 2433 208 2492 niensi
230 2431 331 2494 ltaliae
354 2441 437 2512 parte
459 2434 585 2510 breves,
613 2435 770 2509 maculosi,
792 2432 937 2508 conplexu
959 2431 1051 2491 silicis
1068 2433 1116 2493 ad·

114 2515 212 2592 ligati,
238 2535 358 2594 quorum
379 2527 474 2578 tamen
495 2518 631 2596 adpareat
654 2524 753 2576 natura
769 2513 877 2573 similis.
909 2514 1004 2590 puteis
1020 2515 1049 2571 in
1066 2514 1116 2575 lli·

114 2600 213 2677 spania
229 2599 365 2661 effoditur
387 2601 560 2680 eprolunda
576 2599 745 2672 altitudine,
767 2613 900 2657 necnon
922 2604 952 2656 et
975 2614 1047 2657 saxo
1072 2600 1115 2659 in-

113 2683 210 2742 clusus
232 2684 285 2743 sub
308 2692 386 2744 terra
402 2686 554 2744 iuvenitur
569 2681 790 2758 extrahiturque
806 2689 854 2741 aut
876 2679 1028 2742 exciditur.
1061 2684 1115 2744 sed

112 2767 214 2826 maiori
236 2774 320 2842 parte
336 2766 431 2827 lossili
450 2774 567 2842 natura,
589 2764 740 2824 absolutus
755 2767 784 2825 in
807 2784 840 2826 se
856 2766 999 2826 caementi
1014 2766 1113 2844 modo,
1125 2792 1151 2834 30

112 2865 263 2926 numquam
287 2847 378 2908 adhuc
401 2852 526 2927 quinque
548 2845 653 2927 pedum
672 2848 853 2927 longitudine
870 2849 1002 2928 amplior.
1035 2868 1114 2910 umo-

112 2948 173 2990 rem
187 2930 263 2989 hunc
283 2938 379 2991 terrac
395 2932 515 3008 quadam
529 2933 622 2992 anima
640 2934 770 3010 crystalli
786 2934 873 2995 modo
888 2933 1008 3012 glaciari
1038 2943 1068 2994 et
1084 2936 1114 2994 in

111 3014 237 3094 lapidem
254 3031 448 3075 concrescere
463 3017 617 3077 manifesto
633 3018 772 3097 adparet,
793 3019 871 3097 quod
887 3035 949 3079 curn
964 3018 1045 3077 lerae
1064 3016 1113 3079 de·

111 3100 211 3160 cidere
227 3099 257 3158 in
272 3104 377 3178 puteos
394 3099 476 3177 talis,
492 3100 636 3162 medullae
651 3103 680 3161 in
697 3104 813 3163 ossibus
829 3119 926 3163 earum
945 3110 1014 3179 post
1029 3119 1111 3162 unam

70 3194 120 3249 162
133 3184 256 3245 hiemem
272 3185 301 3243 in
318 3183 437 3245 eandem
456 3184 560 3264 lapidis
576 3193 704 3246 naturam
719 3187 884 3264 ligurantur.
916 3185 1066 3245 invenitur
1081 3194 1111 3246 et
1122 3211 1147 3253 35

110 3270 197 3347 niger
219 3267 389 3348 aliquando,
410 3270 464 3330 sed
487 3269 607 3329 candido
623 3278 722 3330 natura
737 3272 825 3347 mira,
850 3288 912 3329 curn
934 3269 972 3329 sit
989 3267 1112 3330 mollitia

110 3363 195 3430 nota,
219 3353 404 3432 perpetiendi
421 3353 501 3414 soles
519 3355 716 3432 rigoresque,
738 3373 793 3414 nec
808 3355 954 3429 senescit,
977 3354 1001 3411 si
1022 3351 1111 3412 modo

95 3437 206 3496 snrirria
221 3438 317 3519 absit,
336 3457 400 3502 cum
417 3438 474 3502 hoc
486 3440 573 3501 etiam
586 3440 615 3499 in
629 3439 785 3500 caementis
801 3437 955 3500 multorum
969 3452 1112 3512 generum
