2378 3840
330 212 338 223 ·
377 208 564 257 uns.111sn.
583 209 691 257 xxxv.
710 208 754 261 11.
772 197 845 277 (lu.)
1075 199 1113 261 91

114 363 178 443 [26]
195 362 306 423 Eodem
323 370 455 439 tempore
471 364 599 422 luere**
616 371 647 423 et
663 360 787 439 Cydias,
804 364 886 424 cuius
904 363 1028 423 tabulam
1042 364 1085 424 Ar
1110 377 1161 430 130

112 455 255 524 gonautas
284 444 339 505 HS.
363 447 544 514 ὄῑῑχῑῑῑῑι
569 446 744 506 Hortensius
767 455 868 506 orator
897 455 1042 506 mercatus
1072 456 1118 507 est

115 532 202 607 eique
223 528 324 589 aedem
345 531 416 591 lecit
437 533 466 589 in
484 529 648 590 Tusculano
670 546 742 606 suo,
770 530 835 608 [27]
854 526 1054 609 Euphranoris
1070 547 1118 590 au-

116 621 173 673 tem
189 612 346 691 discipulus
361 613 527 673 Antidotus.
555 613 640 673 huius
657 620 704 673 est
727 613 824 691 clipeo
841 612 978 673 dimicans
994 612 1119 674 Athenis

92 704 145 756 sot
160 695 285 756 luctator
299 695 475 774 tubicenque
496 698 573 756 inter
593 714 684 774 pauca
708 696 850 758 laudatus.
887 696 952 777 [28]
970 699 1035 775 ipse
1055 695 1118 755 dili-

112 781 231 856 gentior
253 797 336 856 quam
363 782 548 840 numerosior
569 789 599 840 et
620 782 649 839 in
669 779 819 842 coloribus
842 798 965 841 severus
987 798 1117 840 muume

113 862 248 922 inclaruit
271 861 413 940 discipulo
437 861 519 923 Nicia
537 863 719 924 Atheniense
741 865 789 941 qui
813 863 1037 942 diligentissime
1060 882 1118 923 mu-

114 945 204 1006 lieres
216 946 317 1023 pinxit.
353 945 449 1005 lumen
465 955 494 1005 et
505 948 621 1008 umbras
637 947 776 1008 custodiit
789 957 877 1026 atque
892 956 924 1007 ut
936 949 1097 1008 eminerent
1109 957 1159 1012 131

114 1048 131 1088 e
158 1028 264 1088 tabulis
290 1029 420 1105 picturae
448 1047 579 1091 maxume
603 1033 726 1091 curavit.
769 1049 861 1111 opera
893 1034 973 1091 eius:
1008 1028 1118 1089 Nemea

80 1112 235 1172 roadvecta
253 1129 292 1172 ex
304 1111 377 1172 Asia
390 1111 510 1172 Romam
525 1131 541 1173 a
558 1113 659 1174 Silano
675 1133 759 1193 quam
776 1118 805 1174 in
824 1116 903 1175 curia
921 1114 1046 1174 diximus
1062 1130 1114 1190 po·
1126 1132 1150 1166 aa

114 1197 214 1271 sitam,
242 1196 312 1255 item
332 1194 422 1256 Liber
440 1205 525 1275 pater
548 1200 579 1258 in
604 1198 679 1259 aede
703 1196 902 1276 Concordiae,
930 1196 1119 1274 Hyacinthus,

113 1297 199 1357 quem
221 1276 330 1340 Caesar
346 1280 496 1358 Augustus
515 1281 677 1343 delectatus
701 1301 739 1343 eo
755 1300 853 1343 secum
868 1282 1034 1360 deportavit
1049 1280 1116 1340 Ale-

112 1364 240 1424 xandrea
260 1372 362 1441 capta,
385 1372 416 1424 et
435 1365 472 1424 oh
494 1365 523 1424 id
542 1366 679 1426 Tiberius
694 1363 804 1426 Caesar
824 1368 854 1425 in
872 1365 982 1444 templo
998 1367 1062 1424 eius
1078 1364 1118 1423 di-

114 1448 190 1505 cavit
210 1446 283 1505 hanc
306 1445 446 1522 tabulam,
468 1456 499 1506 et
517 1448 637 1524 Danao,
662 1447 773 1526 Ephesi
789 1466 862 1507 vero
879 1456 926 1508 est
942 1446 1097 1524 Hegahyni
1111 1456 1161 1510 132

79 1549 104 1590 n
115 1528 277 1589 sacerdotis
306 1526 454 1605 Ephesiae
480 1529 590 1590 Dianae
619 1531 823 1609 sepulchrum,
858 1530 983 1590 Athenis
1012 1523 1147 1604 necue-⁰

113 1621 227 1672 mantea
250 1610 380 1672 Homeri.
419 1611 493 1672 hanc
519 1613 648 1674 vendere
672 1613 772 1674 Attalo
798 1615 862 1690 regi
885 1613 977 1672 noluit
1001 1612 1118 1672 talentis

115 1695 286 1774 sexaginta,
307 1695 463 1773 potiusque
478 1699 592 1773 patriae
614 1714 683 1756 suae
704 1697 823 1756 donavit
839 1696 986 1755 abundans
1003 1696 1117 1774 opibus.

114 1780 186 1841 iecit
202 1789 232 1840 et
247 1778 364 1858 grandis
379 1780 525 1858 picturas,
538 1783 568 1840 in
583 1780 688 1859 quibus
705 1787 770 1839 sunt
783 1777 912 1857 Calypso
928 1788 958 1838 et
971 1779 1004 1838 Io
1020 1787 1049 1838 et
1060 1778 1119 1837 An-

115 1863 270 1941 dromeda,
291 1864 461 1924 Alexander
485 1881 603 1943 qnoque
626 1866 655 1923 in
670 1863 791 1942 Pompei
808 1862 970 1942 porticibus
987 1861 1119 1940 praecel-

79 1949 178 2010 nolens
195 1946 362 2027 etGalppso
378 1948 495 2008 sedens.
524 1947 592 2008 huic
612 1948 707 2008 eidem
724 1947 927 2008 adscribuntur
944 1946 1162 2024 praeripe-133

113 2033 184 2108 des,
201 2033 402 2111 prosperrime
417 2051 505 2093 canes
521 2034 681 2112 expressit.
720 2031 766 2092 hic
781 2041 828 2093 est
843 2029 942 2091 Nicias
954 2032 991 2091 de
1006 2047 1063 2108 quo
1079 2029 1120 2089 di-

115 2116 201 2175 cehat
221 2115 385 2175 Praxiteles
408 2117 606 2193 interrogatus
623 2134 699 2196 qnae
722 2134 854 2176 maxume
871 2134 962 2195 opera
985 2132 1036 2175 sua
1052 2129 1120 2192 pro-

114 2199 200 2256 haret
215 2199 244 2255 in
259 2198 467 2257 marmoribus:
488 2199 591 2275 quihus
607 2198 704 2260 Nicias
719 2218 832 2261 manum
846 2201 1042 2274 admovisset,
1058 2206 1119 2257 tan·

116 2290 173 2340 tum
185 2278 387 2339 circumlitioni
404 2281 640 2341 eiustribuehat.
671 2282 737 2342 Non
753 2285 824 2344 satis
843 2283 1019 2344 discernitur
1034 2282 1120 2341 alium

81 2364 221 2424 neodem
250 2364 365 2423 nomine
386 2381 422 2422 an
444 2363 520 2422 hunc
545 2363 667 2424 eundem
688 2365 800 2442 quidam
824 2364 931 2426 iaciant
955 2364 1119 2440 olympiade

117 2445 206 2509 CXH.
230 2447 294 2526 [29]
311 2444 412 2507 Niciae
428 2455 603 2525 conparatur
617 2455 647 2506 et
661 2447 814 2524 aliquando
828 2450 995 2526 praefertur
1009 2446 1100 2505 Athe·
1112 2457 1164 2511 134

116 2534 185 2591 nion
199 2530 359 2592 Maronites
377 2529 542 2592 Glaucionis
560 2527 702 2590 Corinthii
718 2530 894 2609 discipulus,
911 2531 1058 2591 austerior
1071 2545 1121 2588 co·

117 2615 181 2674 lore
201 2624 231 2674 ot
251 2616 279 2673 in
295 2616 466 2676 austeritate
489 2614 658 2690 iucundior,
680 2616 760 2673 utin
782 2615 845 2692 ipsa
862 2616 973 2692 pictura
994 2611 1121 2672 eruditio

118 2698 240 2757 eluceat.
283 2699 377 2775 pinxit
399 2701 428 2758 in
450 2699 560 2777 templo
578 2696 719 2757 Eleusine
739 2696 929 2773 Phylarchum
946 2705 977 2756 et
995 2695 1120 2756 Athenis

82 2799 108 2840 ao
116 2781 308 2859 frequentiam
331 2799 415 2859 quarn
429 2800 576 2842 vocavere
591 2783 787 2857 syngenicon,
812 2783 881 2841 item
897 2779 1042 2841 Achillem
1064 2781 1120 2839 vir·

116 2867 192 2944 ginis
208 2864 307 2925 habitu
324 2866 497 2925 occultatum
512 2864 600 2926 Ulixe
617 2864 835 2944 deprendente,
858 2873 887 2924 et
904 2867 934 2924 in
951 2883 1006 2924 una
1024 2863 1121 2924 tabula

117 2948 159 3008 vl
175 2950 275 3026 signa,
302 2967 416 3027 quaque
443 2967 575 3008 maxume
601 2948 734 3007 inclaruit
758 2965 917 3025 agasonem
945 2967 1008 3008 cum
1032 2965 1120 3025 equo.

118 3032 265 3111 quodnisi
280 3033 310 3091 iu
324 3034 440 3092 iuventa
456 3033 596 3108 obiisset,
611 3048 695 3091 uerno
709 3040 928 3110 conpararetur.
964 3031 1029 3110 [30]
1047 3029 1102 3089 Est
1113 3040 1164 3095 135

117 3135 223 3177 nomen
239 3124 270 3176 et
284 3113 430 3175 Heraclidi
446 3114 606 3175 Macedoni.
639 3115 724 3174 initio
741 3116 822 3174 navis
840 3115 952 3194 pinxit,
975 3121 1121 3193 captoque

83 3201 230 3261 asPerseo
251 3218 324 3279 rege
339 3199 471 3260 Athenas
487 3200 697 3277 conmigrauit,
722 3198 770 3258 uhi
788 3198 893 3259 eodem
908 3205 1042 3275 tempore
1059 3205 1123 3256 erat

117 3283 305 3344 Metrodorus
322 3285 419 3360 pictor
433 3283 568 3360 idemque
583 3280 794 3360 philosophus,
811 3284 841 3343 in
858 3291 980 3359 utraque
999 3281 1121 3341 scientia

117 3386 238 3446 magnae
261 3367 449 3427 auctoritatis.
487 3370 587 3445 itaque
608 3384 671 3427 curn
691 3366 723 3426 1..
745 3365 850 3426 Paulus
876 3366 993 3426 devicto
1009 3364 1121 3425 Perseo

118 3454 256 3529 petiisset
276 3451 312 3511 ah
328 3450 559 3512 Atheniensibus
576 3452 617 3511 nti
632 3451 688 3513 sibi
711 3468 794 3529 quam
808 3450 1050 3532 probatissimum
1061 3447 1127 3522 shi-
