2378 3840
268 205 347 254 unu.
372 205 461 256 mer.
482 207 621 255 xxx1111.
643 206 683 260 13.
706 206 746 258 14.
770 198 918 275 (us-41.)
1046 197 1087 260 59

88 365 187 442 ingeni
203 361 330 423 fraudem
346 363 491 439 arbitror,
506 362 663 439 siquidem,
679 371 709 422 ut
727 363 807 421 ocius
822 378 900 420 mors
916 365 1087 440 perveniret

89 449 125 508 ad
145 448 306 524 homiuem,
327 447 425 506 alitem
445 447 523 506 illam
536 446 657 505 fecimus
673 448 832 524 pinnasque
849 444 930 505 ferro
947 445 1085 506 dedimus.

91 533 278 610 quamobrem
292 533 376 610 culpa
392 535 456 592 eius
472 549 529 592 non
545 529 722 591 naturaehat
733 536 861 606 accepta.
884 528 1005 606 Aliquot
1019 541 1129 595 ex·139

89 616 259 694 perimentis
275 616 428 695 probatum
440 625 486 676 est
500 633 590 693 posse
606 616 746 675 innocens
760 631 828 672 esse
842 613 959 672 ferrum.
982 615 1012 673 in
1025 612 1087 672 loe-

66 701 162 760 adere
184 699 260 778 quod
281 700 412 779 expulsis
434 698 553 776 regibus
576 698 685 776 populo
707 697 838 756 Romano
860 696 939 756 dedit
953 695 1087 771 Porsina,

89 785 254 843 nominatim
281 782 512 861 conprehensum
537 781 697 841 invenimus
720 799 758 840 ne
779 781 860 840 ferro
884 782 939 839 uisi
966 783 995 840 in
1024 782 1086 856 agri

89 867 167 927 cultu
183 875 324 930 uteretur.
349 875 379 925 11
394 875 452 924 tum
467 865 535 924 stilo
553 864 684 924 scribere
701 866 821 924 intutum
833 865 1022 924 vetustissimi
1040 882 1087 926 au·

89 959 189 1010 utores
205 949 404 1027 prodiderunt.
429 947 523 1024 Magni
536 947 656 1026 Pompei
672 949 700 1007 in
717 948 808 1007 tertio
824 947 975 1007 consulatu
992 955 1088 1006 exstat

91 1032 215 1091 edictum
236 1034 266 1090 ln
281 1031 402 1090 tumultu
423 1032 503 1090 necis
522 1028 678 1090 Clodianae
697 1030 881 1110 prohibentis
897 1030 984 1089 ullum
1000 1029 1088 1089 telum

56 1133 81 1173 ro
91 1134 159 1175 1111
174 1115 204 1174 in
218 1116 302 1174 urbe.

152 1198 235 1278 (40.)
252 1196 290 1258 Et
310 1207 404 1258 tamen
417 1198 476 1257 rita
497 1199 560 1276 ipsa
577 1215 635 1258 non
655 1198 746 1258 defuit
767 1197 909 1257 honorem
924 1198 1069 1256 mitiorem
1081 1206 1130 1260 140

88 1283 198 1343 habere
220 1284 300 1343 ferro
326 1299 451 1361 quoque.
496 1282 679 1343 Aristouidas
705 1282 812 1341 artifex
834 1299 896 1341 oum
920 1282 1086 1358 exprimere

88 1367 179 1427 vellet
193 1367 372 1427 Athamantis
388 1366 517 1425 furorem
527 1365 657 1426 Learcho
673 1367 733 1426 lilio
749 1367 942 1444 praecipitato
958 1366 1087 1425 residen-

89 1459 147 1508 tem
162 1451 358 1528 paenitentia,
375 1467 425 1508 aes
442 1449 608 1526 ferrumque
623 1451 738 1508 miscuit
754 1457 785 1507 ut
803 1448 939 1524 robigine
955 1449 1017 1506 eius
1033 1466 1088 1525 per

55 1534 215 1592 renitorem
239 1534 316 1590 aeris
344 1532 496 1590 relucente
525 1533 738 1607 exprimeretur
764 1529 959 1590 verecundiae
987 1530 1086 1588 rubor.

90 1615 147 1675 hoc
165 1617 277 1690 signum
294 1622 390 1673 exstat
409 1612 496 1672 hodie
513 1612 617 1672 Rhodi.
652 1623 697 1673 est
712 1616 741 1672 in
757 1613 858 1673 eadem
874 1613 948 1671 urbe
963 1620 994 1671 et
1009 1613 1066 1671 fer·
1080 1623 1127 1676 141

90 1717 159 1758 reus
174 1696 334 1772 Hercules,
358 1713 443 1774 quem
463 1693 536 1755 fecit
550 1696 645 1756 Aleon
663 1696 794 1756 laborum
813 1695 860 1755 dei
885 1697 1024 1772 patientia
1046 1697 1087 1754 in·

90 1780 200 1841 ductus.
223 1779 354 1840 videmus
370 1789 400 1839 et
412 1778 523 1839 Romae
538 1780 664 1857 scyphos
680 1799 696 1839 1
711 1780 792 1838 ferro
808 1779 919 1838 dicatos
934 1781 962 1836 in
977 1778 1086 1855 templo

89 1863 190 1924 hlautis
206 1862 325 1923 Ultoris.
366 1864 481 1924 obstitit
496 1864 597 1923 eadem
613 1872 732 1923 naturae
751 1862 915 1938 benignitas
940 1862 1086 1936 exigentis

53 1949 125 2008 acab
148 1949 228 2008 ferro
249 1949 316 2026 ipso
340 1964 452 2026 poenas
467 1947 603 2024 robigine
629 1948 788 2023 eademque
809 1944 993 2022 providentia
1017 1943 1087 2003 nihil

89 2034 118 2091 in
137 2032 226 2092 rebus
248 2031 399 2092 mortalius
420 2031 554 2091 facientis
572 2048 655 2108 quam
670 2030 747 2109 quod
768 2037 850 2089 esset
871 2029 1088 2088 infestissimum

89 2115 264 2176 mortalitati.

152 2198 234 2276 (41.)
264 2199 348 2258 Ferri
373 2198 489 2258 metalla
508 2199 616 2275 ubique
635 2197 845 2277 propemodum
871 2196 1131 2273 reperiuntur,142

90 2283 198 2361 quippe
216 2282 301 2341 etiam
320 2281 414 2340 insule
436 2281 536 2341 ltaliae
551 2280 612 2340 llva
633 2283 790 2358 gignente,
812 2282 991 2357 minumaque
1016 2279 1088 2338 dilli-

54 2364 198 2427 nscultate
216 2372 413 2441 agnoscuntur
430 2364 532 2424 colore
547 2367 613 2441 ipso
637 2373 734 2424 terrae
750 2365 910 2424 manifesta.
943 2364 1019 2422 ratio
1041 2381 1088 2422 ea·

90 2448 154 2509 dem
172 2447 353 2526 excoquendi
369 2451 461 2508 venis.
497 2448 530 2507 ln
547 2444 729 2526 Cappadocia
751 2456 859 2506 tautum
875 2447 1009 2523 quaestio
1029 2453 1085 2523 est,

91 2551 181 2609 aquae
198 2551 233 2591 an
249 2532 412 2592 terraeliat
432 2540 598 2609 acceptum,
617 2533 750 2608 quoniam
765 2531 884 2609 perfusa
900 2536 982 2588 certo
999 2528 1087 2588 fluvio

90 2622 169 2673 terra
188 2633 282 2692 neque
301 2616 387 2675 aliter
407 2617 516 2676 ferrum
537 2633 553 2674 1
575 2615 741 2675 fornacibus
760 2613 864 2673 reddit.
897 2611 1068 2671 Differentia
1080 2621 1131 2676 143

90 2696 163 2754 ferri
176 2714 347 2757 numerosa:
369 2701 459 2776 prima
474 2701 503 2759 in
517 2717 630 2776 genere
646 2706 744 2757 terrae
760 2696 893 2772 caelive,
909 2696 983 2755 aliae
999 2694 1087 2755 molle
1136 2706 1143 2713 “

53 2787 200 2839 astantum
222 2779 398 2859 plumboque
416 2784 541 2843 vicinum
567 2783 800 2857 subministrant,
832 2780 905 2840 aliae
929 2779 1034 2857 fragile
1058 2787 1088 2839 et

90 2879 225 2922 aerosum
239 2872 424 2941 rotarumque
441 2866 540 2926 usibus
558 2875 588 2926 et
603 2866 692 2926 clavis
707 2881 838 2925 maxume
849 2863 1026 2940 fugiendum,
1042 2863 1087 2922 cui

90 2947 172 3024 prior
195 2948 270 3006 ratio
293 2950 447 3024 convenit,
472 2949 548 3009 aliud
569 2949 714 3009 brevitate
737 2948 800 3009 sola
821 2948 917 3026 placet
939 2947 1087 3024 clavisque

90 3029 248 3106 caligariis,
261 3030 338 3091 aliud
351 3031 514 3108 robiginem
524 3033 650 3092 celerius
662 3035 760 3092 sentit.
781 3034 936 3091 stricturae
948 3037 1088 3089 vocantur

90 3113 145 3173 hae
158 3130 269 3191 omnes,
285 3115 362 3192 quod
376 3133 434 3176 non
445 3118 475 3175 iu
488 3115 552 3176 aliie
565 3116 701 3193 metallis,
718 3114 912 3192 astringenda
925 3115 987 3172 acie
1003 3127 1088 3170 voca-

55 3218 81 3260 11
91 3196 161 3257 bulo
176 3198 316 3275 inposito.
340 3207 370 3259 et
384 3200 543 3260 fornacium
556 3217 658 3277 magna
673 3199 837 3260 differentia
854 3206 917 3273 est,
934 3195 1130 3256 nucleus-144

92 3299 149 3359 quc
161 3282 274 3359 quidam
288 3283 359 3343 ferri
373 3285 544 3361 excoquitur
556 3285 586 3343 in
601 3286 637 3343 iis
653 3284 686 3344 ad
702 3281 886 3343 indurandam
899 3280 1001 3353 aciem,
1016 3276 1087 3336 alio·

91 3382 148 3442 que
164 3367 251 3426 modo
267 3367 302 3426 ad
318 3366 478 3428 densandas
496 3367 615 3428 incudes
626 3367 833 3427 malleorumve
848 3371 960 3436 rostra,
981 3376 1088 3420 summa.

91 3457 186 3510 autem
196 3450 359 3513 differentia
370 3454 399 3512 iu
410 3469 483 3530 aqua
495 3453 539 3511 cui
552 3451 673 3512 subinde
685 3448 810 3510 caudens
822 3446 1007 3522 inmergitur.
1015 3444 1094 3502 haee
