2378 3840
313 216 392 264 nur.
413 213 502 262 nisu.
519 215 650 261 xxxvu.
663 208 749 266 3-5.
766 201 916 278 (ιθ-16.)
1053 201 1111 262 153

113 379 231 451 potest,
258 370 335 449 quod
357 377 387 429 et
413 367 521 448 Cyprio
544 369 660 444 evenit,
683 368 872 446 breviterque
895 374 925 424 ut
945 365 1111 444 degeneres

114 455 235 514 nominis
270 461 377 513 tantum
409 454 608 513 auctoritatem
643 450 758 512 habent.
812 449 895 509 Nunc
930 450 1008 528 quod
1038 453 1154 516 totis59

113 536 306 597 voluminibus
334 537 379 596 his
409 534 518 596 docere
551 536 646 594 conati
679 553 792 610 sumus,
826 534 861 593 de
891 533 1035 593 discordia
1066 552 1112 593 re·

112 639 175 679 rum
205 620 418 697 concordiaque
459 637 542 698 quam
571 618 746 695 antipathian
777 615 880 677 Graeci
905 634 1051 677 vocavere
1079 635 1112 676 ac

91 703 309 781 csympathiau,
338 719 396 762 non
423 702 509 761 aliter
535 701 639 760 clarius
665 701 797 776 intellegi
825 708 939 778 potest,
971 700 1112 778 siquidem

113 786 162 845 illa
183 788 289 846 invicta
309 787 353 844 vis
369 783 487 844 duarum
501 784 776 852 violentissimarum
791 793 910 844 naturae
925 801 1021 842 rerum
1038 784 1110 843 ferri

112 871 278 947 igniumque
303 869 498 946 contemptrix
522 866 632 927 hircino
659 869 800 945 rumpitur
825 867 983 943 sanguine,
1014 884 1110 944 neque

112 953 198 1012 aliter
222 970 304 1029 quarn
320 953 433 1010 recenti
450 950 600 1027 calidoque
616 959 758 1009 macerata
775 958 805 1009 et
822 951 864 1009 sie
880 967 997 1028 quoque
1014 948 1110 1008 multis

113 1034 236 1110 ictibus,
252 1043 319 1094 tunc
335 1034 421 1094 etiam
435 1042 639 1112 praeterquam
655 1034 775 1093 eximias
790 1031 909 1092 incudes
930 1031 1110 1109 malleosque

78 1120 228 1177 coierreos
246 1118 392 1194 frangens.
426 1119 507 1176 cuius
532 1116 587 1176 hoc
602 1116 721 1176 invento
743 1134 840 1194 quove
862 1134 930 1175 casu
950 1123 1154 1195 repertumst]

111 1209 159 1260 aut
184 1219 258 1278 quae
283 1203 337 1260 luit
359 1202 525 1261 coniectura
547 1199 717 1277 experiendi
745 1218 806 1259 rem
831 1200 953 1259 inmensi
975 1200 1051 1276 preti
1082 1199 1111 1257 in
1138 1231 1140 1236 ·

111 1284 281 1345 foedissimo
307 1280 489 1345 animalium?
516 1286 656 1343 numinum
678 1285 814 1360 prolecto
836 1284 962 1342 muneris
984 1281 1049 1341 talis
1070 1284 1111 1342 in·

111 1369 212 1428 ventio
236 1376 297 1444 est,
323 1387 378 1428 nec
400 1367 564 1444 quaerenda
578 1369 653 1425 ratio
676 1366 782 1426 inulla
804 1374 888 1444 parte
907 1374 1039 1441 naturae,
1058 1365 1111 1425 sed

111 1449 261 1509 voluntas!
286 1468 349 1508 cum
361 1449 489 1509 feliciter
504 1451 626 1524 contigit
642 1466 789 1526 rumpere,
804 1451 833 1507 iu
850 1458 905 1506 tam
925 1465 1029 1526 parvas
1044 1449 1111 1507 iria·

79 1547 101 1589 u
112 1541 158 1592 tur
173 1540 285 1592 crustas
308 1540 338 1590 ut
353 1534 432 1590 cerni
456 1533 506 1589 vix
521 1532 643 1609 possint.
682 1540 858 1608 expetuntur
879 1531 934 1590 hae
959 1530 1112 1608 scalptori-

111 1616 166 1674 bus
181 1616 320 1692 ferroque
332 1614 514 1673 includuntur
529 1613 635 1672 nullam
647 1631 705 1672 uon
717 1614 849 1673 duritiam
862 1633 900 1674 ex
911 1613 988 1674 facili
1007 1631 1111 1673 cavan·

111 1708 166 1758 tes.
193 1698 317 1757 Adamas
333 1697 455 1756 dissidet
467 1715 529 1756 cum
545 1706 681 1772 magnete
692 1699 721 1756 in
734 1705 841 1756 tantum
852 1706 882 1756 ut
898 1699 977 1757 iuxta
992 1698 1107 1774 positus
1119 1709 1153 1762 61

111 1783 220 1841 ferrum
241 1798 300 1840 non
322 1781 447 1859 patiatur
471 1779 597 1839 abstrahi
624 1787 688 1855 aut,
715 1782 739 1840 si
765 1781 895 1841 admotus
918 1798 1037 1856 magnes
1064 1779 1111 1839 ad-

111 1864 320 1942 prehenderit,
342 1865 435 1942 rapiat
455 1872 542 1942 atque
558 1863 680 1925 auferat.
718 1865 831 1924 adamas
848 1872 878 1923 et
895 1881 1007 1923 venena
1022 1865 1112 1923 vincit

77 1955 198 2026 roatque
214 1949 299 2007 inrita
313 1949 382 2008 iacit
399 1955 428 2007 et
447 1947 659 2026 lymphationes
674 1948 766 2024 abigit
784 1955 937 2024 metusque
953 1963 1044 2006 vanos
1060 1965 1110 2006 ex·

111 2031 196 2110 pellit
213 2050 228 2091 a
243 2040 350 2092 mente.
385 2031 422 2091 ob
441 2031 470 2091 id
485 2031 598 2109 quidam
615 2050 679 2091 oum
698 2034 849 2091 ananciten
866 2048 1021 2090 vocavere.
1050 2029 1111 2091 Me-

112 2114 249 2174 trodorus
262 2115 401 2193 Scepsius
417 2116 447 2173 in
463 2114 563 2174 eadem
581 2112 732 2174 Germania
743 2114 849 2174 Basilia
866 2114 959 2174 insula
976 2116 1068 2192 nasci,
1080 2116 1110 2174 in

112 2205 214 2274 quaet
231 2199 371 2272 sucinum,
388 2196 479 2274 solus,
496 2198 572 2274 quod
590 2199 724 2276 equidem
740 2199 874 2275 legerim,
890 2197 959 2259 dicit
978 2206 1008 2258 et
1027 2217 1111 2277 prae·

111 2281 170 2338 lert
185 2278 328 2338 Arabicis.
356 2279 434 2357 quod
449 2279 551 2338 ialsum
566 2298 634 2338 esse
651 2284 714 2357 quis
730 2279 863 2341 dubitet?

77 2383 101 2423 tc
175 2358 256 2445 (16.)
273 2361 446 2435 Proxumum
466 2360 540 2439 apud
563 2380 616 2421 nos
632 2362 737 2422 indicis
754 2364 947 2443 Arabicisque
972 2367 1153 2441 murgam-62

113 2447 148 2504 tis
161 2448 285 2523 pretium
297 2453 359 2522 est,
376 2444 412 2504 de
430 2446 533 2523 quibus
550 2447 579 2503 in
594 2462 672 2503 nono
689 2446 810 2505 diximus
826 2446 972 2507 uolumine
990 2449 1067 2507 inter
1082 2469 1101 2507 ο.
1118 2468 1152 2502 rur

111 2547 160 2588 res
179 2530 311 2588 marinas.
799 2594 803 2598 ⁴

172 2612 200 2669 5.
218 2609 316 2670 Tertia
328 2613 484 2670 auctoritas
496 2611 656 2688 zmaragdis
670 2609 841 2689 perhibetur
853 2611 983 2688 pluribus
997 2611 1033 2671 de
1045 2630 1110 2672 cau-

112 2695 164 2769 sis,
172 2695 279 2771 quippe
291 2693 397 2752 nullius
410 2694 518 2753 coloris
531 2693 686 2772 adspectus
698 2692 849 2752 iucundior
860 2703 914 2756 est.
929 2712 992 2752 nam
1003 2694 1109 2755 herbas

77 2793 228 2854 aequoque
246 2776 359 2836 silentis
375 2776 544 2854 frondisque
562 2779 646 2838 avide
661 2785 837 2856 spectamus,
850 2777 1018 2854 zmaragdos
1036 2795 1108 2838 vero

112 2867 191 2918 tanto
212 2859 367 2936 libentius,
398 2862 532 2937 quoniam
553 2861 622 2920 nihil
644 2863 760 2921 omnino
783 2862 903 2921 viridius
924 2871 1110 2940 conparatum

111 2941 169 3000 illis
185 2944 272 3003 viret.
299 2951 454 3020 praeterea
471 2943 526 3001 soli
543 2962 718 3019 gemmarum
733 2947 863 3004 contuitu
878 2945 990 3022 inplent
1006 2946 1107 3006 oculos
1118 2955 1152 3008 63

111 3043 165 3084 nec
187 3029 300 3086 satiant.
341 3027 409 3104 quin
433 3033 463 3084 et
487 3025 522 3084 ab
543 3029 706 3088 intentione
730 3029 784 3088 alia
803 3029 942 3107 adspectu
965 3028 1109 3103 zmaragdi

112 3118 262 3168 recreatur
284 3111 381 3186 acies,
410 3109 667 3186 scalpentibusque
690 3130 816 3187 gemmas
838 3111 971 3172 nonalia
997 3113 1110 3187 gratior

77 3213 101 3252 ss
113 3191 261 3251 oculorum
275 3193 400 3252 reiectio
416 3194 502 3253 estin
517 3192 601 3250 viridi
620 3193 739 3253 lenitate
760 3194 958 3253 lassitudinem
969 3193 1108 3252 mulcens.

111 3284 267 3353 praeterea
288 3276 448 3353 longinquo
468 3275 677 3353 amplificantur
698 3279 762 3335 visu
791 3277 954 3336 inficientes
976 3278 1052 3336 circa
1075 3296 1109 3336 se

111 3367 315 3438 repercussum
330 3377 397 3419 aera
407 3403 416 3436 ,
433 3376 490 3418 non
506 3359 570 3418 sole
587 3362 703 3436 mutati,
723 3377 781 3419 nou
798 3359 915 3436 umbra,
939 3378 997 3420 ncn
1016 3359 1109 3420 lucer-

110 3444 171 3518 nis,
192 3462 366 3522 semperque
391 3445 497 3502 sensim
520 3441 664 3502 radiantes
687 3452 718 3504 et
736 3445 828 3502 visum
852 3442 1054 3521 admittentes,
1074 3443 1109 3503 ad
