2378 3840
125 191 165 255 80
471 201 501 250 c.
517 200 614 249 amru
627 199 778 252 saeuum

126 376 198 437 que,
215 377 274 418 nou
289 358 382 417 solum
400 356 591 433 conitentes,
615 364 645 415 et
660 354 716 415 alia
731 354 819 415 multa
835 353 984 432 graphidis
999 356 1126 432 vestigia

126 450 241 503 exstant
254 442 284 501 in
299 440 405 501 tabulis
420 459 454 500 ac
470 439 644 500 membranis
657 440 737 515 eius,
755 437 911 517 exquibus
927 437 1073 516 prolicere
1086 438 1126 498 di-

124 534 227 586 cuntur
240 525 375 586 artifices.
392 527 486 584 minor
497 523 713 584 tamenvidetur
724 521 780 583 sibi
793 528 967 600 conparatus
978 522 1008 581 iu
1022 522 1125 582 mediis

81 620 116 676 69
127 611 301 688 corporibus
323 606 527 688 exprimendis.
567 609 660 686 pinxit
677 606 782 667 demon
798 605 1020 666 Atheniensium
1041 624 1126 684 argu·

123 703 221 754 mento
240 711 357 772 quoque
375 693 540 770 ingenioso.
580 689 754 752 ostendebat
778 707 901 768 namque
918 690 1047 768 varium,
1070 693 1147 754 ira-c

124 778 261 856 cundum,
282 779 434 854 iniustum,
455 777 682 852 inconstantem,
705 774 828 835 eundem
845 773 1043 852 exorabilem,
1067 774 1125 834 cle-

123 869 266 938 mentem,
278 860 513 936 misericordem,
527 859 705 937 gloriosum,
722 857 872 919 excelsum
883 856 1035 934 humilem,
1048 859 1126 918 iero·

124 963 187 1006 cem
204 946 394 1023 fugacemque
411 953 441 1004 et
459 945 551 1004 omnia
573 945 694 1022 pariter.
742 941 817 1002 idem
833 943 927 1021 pinxit
945 949 976 1002 et
999 941 1125 1019 Thesea,

124 1047 198 1107 quae
214 1028 324 1089 Romae
345 1030 375 1088 iu
392 1026 538 1107 Capitolio
554 1029 625 1104 luit,
643 1035 673 1088 et
688 1025 861 1086 nauarchum
877 1025 1072 1103 thoracatum,
1096 1035 1126 1087 et

124 1115 153 1172 in
167 1131 222 1173 una
240 1112 351 1190 tabula,
368 1130 441 1190 quae
461 1120 507 1172 est
522 1111 635 1190 Rhodi,
657 1109 854 1188 Meleagrum,
870 1107 1042 1186 Herculem,
1057 1109 1126 1170 l’er-
1136 1133 1160 1174 ro

123 1215 182 1256 sea.
214 1197 286 1256 haec
302 1196 342 1256 ibi
358 1204 405 1255 ter
418 1195 536 1256 fulmine
551 1195 681 1255 ambusta
692 1211 789 1272 neque
805 1193 974 1254 oblitterata
986 1193 1042 1254 hoc
1057 1195 1124 1272 ipso

79 1289 115 1347 io
125 1280 291 1340 miraculum
314 1286 412 1356 auget.
456 1279 550 1358 pinxit
575 1287 604 1338 et
626 1277 842 1356 Archigallum,
874 1295 957 1356 quam
983 1279 1125 1357 picturam

8 1402 13 1408 «
95 1380 98 1433 ς
122 1364 228 1423 amavit
247 1361 382 1423 Tiberius
404 1363 542 1441 princeps
565 1371 668 1440 atque,
687 1370 718 1421 ut
734 1369 835 1423 auctor
853 1369 899 1422 est
916 1360 1049 1438 Deculo,
1067 1360 1123 1422 HS.

122 1443 186 1531 ΙῖιῖΙ
213 1449 391 1507 aestimatam
409 1446 543 1507 cubiculo
564 1463 617 1506 suo
634 1445 758 1506 inclusit.
806 1446 901 1524 pinxit
919 1455 949 1505 et
968 1444 1124 1506 Thressam

123 1532 264 1591 nutricem
283 1531 479 1609 infantemque
496 1532 525 1591 in
545 1530 674 1591 manibus
692 1531 755 1590 eius
772 1538 802 1590 et
820 1529 975 1590 Philiscum
991 1539 1022 1590 et
1038 1529 1159 1592 Libe-ac

122 1633 184 1674 rum
200 1623 311 1693 patrem
327 1614 459 1675 adstante
478 1614 613 1693 Virtute,
631 1622 661 1674 et
675 1630 785 1693 pueros
802 1613 875 1674 duos
892 1615 921 1674 in
937 1613 1041 1692 quibus
1057 1632 1125 1692 spe·

121 1707 215 1759 ctatur
237 1699 379 1759 securitas
402 1701 554 1760 etaetatis
576 1698 765 1778 simplicitas,
784 1699 854 1759 item
873 1697 1056 1759 sacerdotem
1077 1697 1124 1758 ad·

77 1791 109 1849 il
124 1791 219 1844 stante
241 1800 335 1861 puero
355 1800 418 1843 cum
439 1800 540 1844 acerra
565 1791 595 1844 et
611 1800 729 1844 corona.
770 1791 880 1842 suntet
903 1782 976 1843 duae
991 1783 1123 1861 picturae

121 1870 183 1929 eius
203 1866 420 1944 nobilissimae,
435 1866 564 1945 hoplites
578 1868 608 1927 iu
624 1868 781 1928 certamine
796 1868 836 1926 ita
854 1865 1013 1927 decurrens
1030 1875 1060 1926 ut
1077 1885 1123 1927 su-

121 1951 189 2012 dare
208 1952 356 2028 videatur,
379 1951 453 2011 alter
477 1969 553 2010 arma
579 1951 730 2028 deponens
756 1959 787 2009 ut
811 1951 949 2012 anhelare
969 1953 1157 2012 sentiatur.oo

120 2035 270 2096 laudantur
292 2042 323 2093 et
340 2033 458 2093 Aeneas
479 2031 641 2113 Castorque
660 2053 694 2094 ac
712 2034 817 2095 Pollux
838 2036 868 2094 in
890 2035 992 2096 eadem
1013 2034 1121 2113 tabula,

120 2121 190 2179 item
210 2117 377 2195 Telephus,
401 2117 550 2195 Achilles,
580 2119 796 2196 Agamemnon,
817 2117 932 2180 Ulixes.
980 2119 1121 2180 fecundus

120 2202 244 2278 artilex,
267 2200 320 2261 sed
337 2218 394 2278 quo
412 2218 497 2261 nemo
512 2202 687 2263 insolentius
710 2203 753 2282 {et
773 2204 968 2284 arrogantius}
992 2221 1059 2263 usus
1084 2205 1122 2262 sit

120 2284 215 2363 gloria
235 2286 324 2361 artis,
348 2303 469 2363 namque
491 2294 521 2347 et
539 2290 712 2365 cognomina
734 2289 883 2366 usurpavit
903 2286 1122 2347 habrodiaetum

121 2389 154 2430 se
172 2368 345 2447 adpellando
361 2370 626 2449 aliisqueversibus
643 2373 805 2450 principem
820 2371 891 2429 artis
908 2378 939 2429 et
954 2387 1016 2429 eam
1034 2371 1070 2429 ab
1087 2389 1157 2430 sess

121 2461 356 2531 consummatam,
372 2455 462 2534 sup'er
474 2457 568 2516 omnia
578 2455 725 2534 Apollinis
739 2473 772 2513 se
787 2451 885 2512 radice
902 2459 996 2510 ortum
1008 2460 1037 2510 et
1048 2451 1121 2512 Her-

121 2537 230 2615 oulem,
255 2538 303 2616 qui
331 2545 376 2598 est
392 2537 491 2616 Lindi,
513 2539 599 2600 talem
622 2558 638 2599 a
659 2557 691 2598 se
714 2538 819 2615 pictum
841 2532 955 2611 qualem
977 2551 1068 2612 saepe
1090 2537 1121 2595 in

76 2631 111 2686 ta
122 2623 220 2700 quiete
235 2622 366 2683 vidisset.
400 2639 473 2700 ergo
485 2624 596 2699 magnis
611 2620 756 2696 suffragiis
771 2624 953 2697 superatusa
969 2617 1120 2680 Timanthe

120 2706 195 2764 Sami
209 2707 238 2764 in
252 2704 343 2766 Aiace
360 2723 560 2782 armorumque
574 2705 680 2765 iudicio
696 2702 796 2764 herois
810 2702 927 2763 nomine
945 2721 978 2763 se
993 2704 1120 2764 moleste

120 2789 199 2848 ferre
217 2786 332 2848 dicebat
349 2789 425 2866 quod
439 2790 544 2850 iterum
560 2787 595 2848 ab
611 2788 729 2865 indigno
747 2787 841 2847 rictus
856 2796 949 2848 esset.
980 2789 1074 2866 pinxit
1090 2798 1119 2848 et
1130 2810 1155 2853 co

118 2870 277 2930 minoribus
289 2870 406 2932 tabellis
422 2870 573 2949 libidines,
590 2887 627 2931 eo
642 2888 755 2949 genere
772 2870 928 2950 petulantis
951 2873 1009 2934 ioci
1025 2890 1058 2932 se
1074 2891 1120 2933 re·

77 2955 234 3020 ratleicus.
269 2953 311 3032 [6]
329 2952 400 3013 Nam
415 2953 556 3027 Timanthi
571 2955 620 3015 vel
635 2955 794 3034 plurumum
810 2955 900 3018 adluit
914 2957 1024 3034 ingeni.
1055 2957 1118 3016 eius

120 3040 195 3099 enim
212 3045 258 3098 est
274 3036 424 3116 Iphigenia
445 3046 592 3100 oratorum
613 3039 744 3100 laudibus
761 3039 927 3117 celebrata,
950 3059 1006 3119 qua
1023 3047 1118 3100 stante

120 3123 155 3183 ad
171 3140 235 3182 aras
251 3123 380 3201 peritura
402 3140 465 3182 cum
482 3132 611 3184 maestos
629 3125 775 3203 pinxisset
793 3125 884 3185 omnis
900 3127 1118 3204 praecipueque

120 3216 268 3285 patruum,
293 3215 322 3267 et
342 3208 478 3268 tristitiae
499 3224 612 3268 omnem
633 3211 787 3286 imaginem
801 3210 1049 3287 consumpsisset,
1070 3226 1153 3286 pasc

120 3295 172 3352 tris
187 3294 277 3371 ipsius
293 3290 402 3351 voltum
417 3291 526 3352 velavit
540 3310 625 3370 quem
640 3292 727 3371 digne
743 3310 802 3354 nou
816 3300 934 3371 poterat
949 3291 1116 3353 ostendere.

77 3384 187 3441 ttsum
200 3385 231 3436 et
247 3377 302 3436 alia
317 3377 415 3454 ingeni
433 3377 496 3437 eius
509 3377 659 3457 exempla,
677 3377 766 3437 veluti
785 3374 912 3455 Cyclops
926 3375 1072 3437 dormiens
1087 3378 1117 3435 in

100 3460 233 3532 paracle
245 3459 372 3540 tabella,
386 3461 469 3523 cuius
481 3469 511 3524 et
528 3463 570 3524 sic
581 3459 806 3540 magnitudinem
818 3463 984 3539 exprimere
996 3461 1116 3539 cupiens
