2378 3840
367 215 447 263 unu.
464 215 554 263 uisu.
572 215 706 262 xxxrur.
726 212 752 265 a.
771 201 843 284 (19.)
932 263 935 270 ,
1063 205 1102 264 45

106 373 210 450 reponi
247 387 469 450 apoxyomenon
504 368 679 445 flagitaverit
713 370 909 450 princepsque
936 388 1104 448 quamquam

106 457 263 515 adamatum
279 455 455 531 reposuerit.
490 452 659 512 nobilitatur
673 450 817 530 Lysippus
841 462 870 513 et
892 454 1048 515 temulenta
1067 455 1099 511 ti·
1111 464 1145 519 63

106 538 200 597 biciua
217 545 246 596 et
261 537 378 597 canibus
394 555 427 596 ac
441 537 615 612 venatione,
631 536 660 594 iu
676 537 774 615 primis
793 555 865 597 vero
882 537 1020 615 quadriga
1041 555 1103 595 cum

108 620 178 680 Sole
195 619 383 681 Rhodiorum.
425 620 496 679 iecit
518 627 548 678 et
562 619 757 680 Alexandrum
771 619 904 699 Magnum
919 621 1014 680 multis
1033 612 1117 697 ope-l,

84 705 185 764 aribus
211 724 227 765 a
248 706 373 784 pueritia
399 705 461 763 eius
490 721 583 762 orsus.
624 722 707 781 quam
727 712 848 764 statuam
871 705 995 764 inaurari
1020 698 1116 763 iussits'

105 787 185 848 Nero
208 791 344 866 princeps
367 786 528 847 delectatus
551 786 698 846 admodum
723 788 789 865 illa,
810 788 893 864 dein,
919 805 981 846 curn
1006 789 1102 866 pretio

105 875 233 951 perisset
248 873 342 948 gratia
357 872 438 948 artis,
451 869 610 929 detractum
622 879 667 930 est
679 889 788 948 aurum,
802 873 1019 949 pretiosiorque
1037 869 1101 929 talis

106 955 324 1015 existimabatur
348 955 434 1013 etiarn
455 953 638 1013 cicatricibus
662 956 761 1033 operis
784 964 870 1032 atque
891 956 1052 1014 concisuris
1073 955 1102 1012 in

105 1038 209 1116 quibus
227 1055 325 1096 aurum
347 1037 441 1096 fuerat
466 1036 689 1096 remanentibus.
727 1037 802 1097 idem
823 1039 892 1098 iecit
907 1037 1144 1115 hephaestio-64

71 1135 169 1180 roncm
191 1120 351 1180 Alexandri
369 1117 465 1196 Magni
487 1120 623 1196 amicum,
646 1138 731 1198 quem
755 1122 868 1198 quidam
889 1120 1034 1197 Polyclito
1055 1118 1102 1178 ad-

105 1206 251 1281 scribunt,
276 1222 337 1264 cum
353 1204 377 1263 is
394 1211 508 1262 eentum
522 1220 616 1282 prope
639 1205 720 1264 annis
737 1213 803 1265 ante
819 1206 925 1280 luerit,
947 1206 1015 1264 item
1032 1204 1102 1264 Ale·

103 1289 203 1350 xandri
216 1289 400 1349 venationem
413 1305 487 1366 quae
500 1285 622 1364 Delphis
635 1296 747 1348 saerata
761 1288 949 1366 est,Athenis
958 1287 1100 1365 Satyrum,

104 1382 222 1434 turmam
246 1371 405 1432 Alexandri
435 1374 463 1430 iu
486 1389 541 1449 qua
562 1373 718 1432 amicorum
740 1374 804 1432 eius
829 1374 970 1451 imagines
994 1389 1100 1431 summa

104 1460 227 1517 omnium
250 1453 436 1514 similitudine
458 1457 606 1532 expressit
621 1488 663 1499 —-
679 1455 752 1515 hanc
773 1455 909 1517 llletellus
930 1454 1100 1515 Macedonia

69 1553 93 1595 ru
104 1540 221 1599 subacta
232 1537 376 1597 transtulit
387 1535 506 1595 Romam
522 1569 574 1613 -,
586 1538 656 1597 iecit
671 1548 701 1597 et
716 1538 869 1616 quadrigas
883 1539 1034 1597 multorum
1049 1550 1121 1614 get·

103 1640 210 1682 nerum.
239 1619 402 1679 Statuariae
417 1620 469 1679 arti
483 1619 642 1696 plurumum
656 1621 775 1680 traditur
789 1622 948 1681 contulisse
962 1611 1141 1765 capillurdpoa

103 1703 311 1784 exprimendo,
332 1703 426 1780 capita
444 1702 554 1762 minora
577 1703 710 1763 faciendo
726 1721 808 1781 quam
826 1706 951 1782 antiqui,
975 1722 1105 1783 corpora,

102 1788 258 1867 graciliora
275 1787 474 1864 siccioraque,
494 1804 548 1865 per
572 1805 645 1865 quae
662 1788 825 1865 proceritas
844 1789 993 1865 signorum
1008 1776 1104 1848 maior¹

103 1873 258 1933 videretur.
295 1888 353 1931 non
373 1871 462 1930 habet
484 1871 614 1931 Latinum
634 1888 739 1931 nomeu
756 1872 920 1947 symmetria
939 1889 1022 1948 quam
1038 1838 1101 1937 dilil

101 2060 161 2102 rum
178 2050 301 2101 staturas
325 2040 531 2120 permutando,
558 2041 706 2120 volgoque
730 2040 846 2101 dicebat
867 2040 902 2100 ab
924 2040 982 2100 illis
1004 2038 1081 2098 facto

101 2126 200 2203 quales
224 2133 326 2185 esseut
343 2125 492 2201 homines,
513 2144 529 2185 a
552 2145 584 2185 se
608 2125 709 2204 quales
731 2125 902 2185 viderentur
925 2143 1002 2185 esse.
1032 2141 1086 2202 pro

66 1957 271 2036 cogentissime
286 1955 442 2016 custodivit
457 1973 532 2017 nova
546 1958 711 2035 intactaque
727 1957 841 2016 ratione
854 1955 1007 2034 quadratas
1019 1963 1068 2014 vet

100 2210 181 2287 priae
211 2207 294 2266 huius
323 2207 457 2266 videntur
483 2226 551 2267 esse
580 2211 712 2285 argutiae
741 2227 861 2288 operum
884 2209 1047 2269 custoditae
1070 1954 1103 2314 ιζ

78 2305 82 2309 ·
100 2291 232 2350 minumis
246 2306 363 2367 quoque
376 2288 472 2347 rebus.
493 2291 536 2369 [7]
548 2290 639 2350 Filios
653 2302 683 2351 et
695 2292 854 2371 discipulos
868 2294 986 2370 reliquit
998 2291 1093 2351 lauda·
1107 2301 1140 2356 66

65 2386 90 2427 ao
102 2383 147 2434 tos
170 2374 296 2434 artifices
313 2370 452 2451 Laippum
473 2380 503 2431 et
517 2371 652 2452 Boedan,
676 2375 729 2435 sed
745 2385 812 2437 ante
831 2378 922 2435 omnis
940 2374 1098 2450 Euthycra-

101 2467 166 2536 ten,
189 2475 356 2538 quamquam
377 2457 402 2515 is
429 2457 618 2516 constantiam
640 2460 738 2537 potius
758 2460 884 2518 imitatus
907 2459 998 2536 patris
1015 2475 1097 2534 quam

100 2543 275 2620 elegantiam
292 2549 410 2601 austero
426 2539 524 2601 maluit
539 2559 652 2618 genere
669 2559 752 2619 quam
763 2540 886 2602 iucundo
901 2541 1029 2620 placere.
1046 2543 1098 2600 ita·

100 2626 157 2702 que
187 2635 303 2705 optume
331 2625 479 2703 expressit
506 2623 662 2685 Herculem
689 2624 811 2703 Delphis
844 2632 873 2683 et
902 2623 1097 2683 Alexandrum

100 2706 235 2787 Thespiis
251 2717 420 2770 venatorem
437 2717 467 2768 et
482 2708 626 2786 proelium
641 2714 791 2786 equestre,
809 2707 991 2768 simulacrum
1003 2706 1096 2786 ipsum

65 2802 90 2843 ³⁰
100 2790 260 2870 Trophonii
277 2791 312 2850 ad
327 2791 483 2867 oraculum,
500 2792 653 2870 quadrigas
666 2792 824 2870 conpluris,
841 2809 923 2852 ecum
935 2809 997 2851 cum
1008 2792 1094 2851 lusci-

100 2877 161 2952 nis,
182 2892 268 2934 canes
291 2875 463 2933 venantium.
500 2875 542 2954 [8]
557 2875 647 2936 Huius
664 2893 753 2954 porro
773 2876 929 2955 discipulus
952 2877 1004 2936 fuit
1021 2874 1136 2952 Qun

97 2966 242 3037 malesei
258 2959 322 3034 ipse
339 2957 509 3035 Sicyonius,
526 2959 578 3018 sed
591 2957 710 3038 Lysippi
728 2969 827 3021 sectae
843 2962 983 3040 propior,
1000 2962 1093 3020 utrix

100 3042 299 3110 discernantur
315 3038 453 3117 conplura
474 3043 572 3120 signa,
596 3061 649 3103 ceu
666 3061 758 3104 senex
777 3042 931 3104 Thebanus
948 3052 978 3104 et
991 3043 1095 3102 Deme·

100 3128 171 3185 trius
189 3143 259 3202 rex,
275 3123 434 3184 Peucestes
449 3124 606 3186 Alexandri
622 3126 717 3204 Magni
734 3136 885 3205 servator,
902 3127 1004 3204 diguus
1020 3133 1097 3184 tanta

64 3210 202 3288 agloria.
240 3209 282 3288 {9}
310 3208 447 3268 Artiiices
470 3211 518 3288 qui
545 3212 707 3288 conpositis
725 3212 919 3272 voluminibus
938 3207 1095 3269 condidere
1122 3223 1139 3275 8

98 3294 170 3354 haec
182 3295 260 3352 miris
278 3292 408 3353 laudibus
422 3293 573 3355 celebrant
586 3294 774 3374 Telephanen
786 3295 950 3357 Phocaeum
966 3295 1097 3372 ignotum

98 3379 187 3454 alias,
214 3378 346 3455 quoniam
373 3375 542 3439 Thessaliae
568 3380 760 3459 habitaverit,
788 3390 818 3442 et
843 3381 883 3442 ibi
913 3397 1003 3459 opera
1034 3379 1095 3438 eius

98 3462 250 3539 latuerint,
267 3461 374 3541 alioqui
394 3463 539 3540 suffragiis
558 3467 687 3544 ipsorum
701 3475 842 3545 aequatur
857 3465 1006 3541 Polyclito
1016 3463 1104 3533 ,bls-
