2378 3840
108 186 166 249 108
443 196 474 246 c.
496 196 593 244 cumr
614 196 764 244 sucuuor

66 364 98 421 17
111 355 206 414 suisse
221 352 331 413 dicitur.
360 349 498 411 Eiusdem
513 349 670 430 discipulus
688 350 742 408 luit
753 348 944 425 Agoracritus
958 349 1058 408 Parius
1074 359 1106 410 et

108 445 203 497 aetate
221 444 338 514 gratus,
364 437 463 511 itaque
485 437 577 493 esuis
594 432 733 511 operibus
756 432 897 510 pleraque
915 434 1021 493 nomini
1040 435 1104 494 eins

108 520 234 580 donasse
260 520 362 580 fertur.
400 525 554 578 certavere
576 524 671 577 autem
695 517 773 576 inter
801 534 834 576 se
862 516 946 576 ambo
970 516 1105 594 discipuli

108 603 228 663 Venere
244 601 391 678 facienda,
413 602 541 679 vicitque
558 600 732 660 Alcamenes
753 616 812 658 non
830 616 922 678 opere
937 599 989 660 sed
1005 602 1105 661 civita·

107 689 144 746 tis
164 686 309 763 suffragiis
333 693 434 745 contra
449 687 635 762 peregrinum
650 701 703 744 sno
719 684 854 745 laventis.
886 700 975 762 qnare
989 683 1127 761 Agora-n

107 772 197 830 oritus
215 787 249 830 ea
263 769 333 846 lege
350 771 463 846 signum
480 787 562 828 suum
576 767 744 827 vendidisse
764 767 901 843 traditur,
926 786 963 826 ne
979 765 1104 828 Athenis

109 862 207 929 essct,
230 860 260 912 et
280 851 446 931 appellasse
465 850 611 912 Nemesin.
654 850 683 911 id
710 851 837 929 positum
858 857 904 910 est
923 848 1105 911 Rhamnunte

107 954 184 1014 pago
205 936 340 1006 Atticae,
371 935 449 1014 quod
470 934 565 995 Varro
593 934 725 994 omnibus
755 934 847 1011 signis
870 934 1015 1012 praetulit.
1058 943 1106 994 est

108 1027 138 1080 et
172 1020 201 1076 in
230 1017 330 1079 Matris
359 1041 480 1100 magnae
511 1022 635 1086 delubro
663 1019 765 1080 eadem
795 1018 914 1076 civitate
935 1015 1104 1094 Agoracriti

66 1113 101 1168 18
113 1120 198 1180 opus.
244 1103 286 1181 [4]
309 1101 428 1162 Phidian
443 1103 632 1161 clarissimum
649 1119 717 1162 esse
734 1118 789 1178 per
805 1101 897 1160 omnis
912 1103 1010 1177 gentis
1032 1118 1105 1179 quae
1116 1120 1141 1160 ro

107 1186 187 1246 lovis
202 1185 326 1263 Olympii
344 1186 444 1244 lamam
458 1184 634 1261 intellegunt
648 1201 733 1243 nemo
749 1182 870 1261 dubitat,
886 1184 939 1243 sed
953 1193 984 1243 nt
995 1184 1104 1244 laudari

108 1271 214 1327 merito
238 1269 329 1327 sciant
347 1269 434 1327 etiam
449 1268 496 1344 qui
511 1284 602 1345 opera
620 1268 681 1326 eins
704 1283 762 1326 non
779 1266 898 1343 videre,
920 1267 1104 1345 proferemus

108 1360 276 1428 argumenta
303 1367 393 1428 parva
418 1359 447 1410 et
474 1351 573 1427 ingeni
603 1357 719 1409 tantum.
763 1367 860 1428 neque
886 1350 922 1410 ad
949 1349 1006 1411 hoc
1025 1350 1105 1410 lovis

109 1433 233 1512 Olympii
250 1433 463 1512 pulchritudine
479 1441 608 1510 utemur,
630 1450 688 1493 non
704 1431 853 1494 llinervae
870 1433 994 1494 Athenis
1010 1435 1105 1494 iactae

108 1517 306 1594 amplitudine,
319 1535 382 1576 cum
398 1519 437 1577 sit
453 1535 488 1576 ea
499 1517 662 1578 cubitorum
676 1518 779 1594 viginti
793 1535 858 1595 sex,
869 1552 912 1562 -
924 1517 1016 1578 ebore
1032 1517 1105 1577 haec
1116 1537 1141 1577 rc

108 1609 139 1660 et
153 1618 223 1660 auro
240 1609 370 1677 constat,
392 1634 435 1644 —
454 1601 508 1661 sed
530 1602 559 1660 in
582 1609 666 1661 scuto
686 1602 750 1660 eius
767 1601 945 1681 Amazonum
960 1600 1106 1679 proelium

109 1683 233 1742 caelavit
248 1686 458 1744 intumescente
472 1684 579 1744 ambitu
592 1702 723 1763 parmae,
738 1684 868 1744 eiusdem
882 1702 1010 1745 concava
1022 1693 1105 1763 parte

108 1765 227 1826 deorum
253 1776 283 1827 et
300 1766 451 1844 Gigantum
470 1767 690 1843 dimicationes,
716 1769 746 1828 in
769 1767 860 1828 soleis
885 1785 958 1829 vero
972 1766 1106 1847 Lapitha-

108 1868 170 1909 rum
188 1859 217 1911 et
234 1849 461 1927 Centaurorum,
483 1851 557 1917 adeo
572 1861 716 1911 momenta
733 1853 826 1911 omnia
845 1853 961 1931 capacia
975 1853 1046 1912 artis
1062 1851 1105 1911 illi

66 1945 99 2000 19
110 1932 203 1994 luere.
242 1937 271 1994 in
291 1933 353 1993 basi
377 1942 471 1993 autem
492 1935 569 2012 quod
592 1933 731 1994 caelatum
751 1943 798 1994 est
812 1934 958 1995 Pandoras
980 1937 1140 2011 genesium

107 2017 283 2094 appellavit,
305 2013 342 2075 di
351 2024 416 2075 sunt
431 2018 563 2078 nascenti
579 2015 809 2078 adstoatcsllX
820 2036 951 2079 numero.
973 2018 1105 2078 Victoria

106 2101 264 2176 praecipue
290 2098 413 2158 mirabili
440 2101 528 2176 periti
557 2102 695 2161 mirantur
718 2110 748 2161 et
770 2111 939 2181 serpentem
963 2102 1016 2162 snb
1041 2105 1105 2180 ipsa

107 2182 228 2260 cuspide
249 2181 291 2215 cs·
312 2199 428 2242 aeream
452 2182 612 2261 sphingem.
662 2183 741 2245 llaec
769 2187 826 2246 sint
851 2186 949 2246 obiter
970 2185 1045 2246 dicta
1068 2185 1104 2245 de

108 2266 219 2325 artifice
238 2283 389 2344 numquam
409 2268 480 2326 satis
496 2267 630 2345 laudato,
652 2269 736 2330 simul
756 2278 787 2329 ut
803 2278 941 2330 noscatur
955 2269 1033 2329 illam
1047 2285 1105 2327 ma·

63 2350 305 2423 munificentiam
326 2348 476 2427 aequalem
492 2352 584 2412 luisse
609 2360 639 2413 et
664 2354 693 2412 in
724 2355 831 2451 parvis
877 2352 920 2449 [5]
943 2351 1136 2411 Praxiteltsn

66 2447 92 2490 tt
106 2451 128 2484 ιο
140 2442 265 2493 aetatem
289 2435 366 2493 inter
381 2436 537 2494 statuarios
552 2435 691 2534 diximus,
713 2438 760 2514 qui
784 2436 933 2493 marmoris
948 2431 1043 2509 gloria
1058 2452 1105 2493 sn·

106 2518 221 2596 peravit
237 2518 324 2577 etiam
342 2526 446 2582 semet
482 2535 573 2596 opera
590 2521 652 2578 eius
674 2525 739 2577 snnt
754 2514 902 2575 Athenis
893 2533 923 2573 m
940 2513 1104 2593 Ceramico,

107 2601 240 2661 sedante
258 2602 352 2660 omnia
372 2608 418 2660 est
432 2618 490 2661 noo
506 2602 599 2661 solum
614 2599 769 2660 Praxitelis
786 2615 886 2656 verum
902 2599 931 2657 in
950 2606 1013 2658 toto
1030 2599 1104 2660 orbe

107 2692 248 2744 terrarum
269 2682 370 2744 Venus
392 2701 475 2761 quam
496 2693 527 2743 ut
547 2683 681 2742 viderent
703 2680 783 2740 multi
806 2682 1016 2759 navigaverunt
1039 2681 1104 2742 Cni-

105 2765 179 2825 dum
205 2765 274 2824 duas
289 2767 404 2826 lecerat
420 2766 561 2843 simulque
573 2765 731 2841 vendebat,
747 2762 867 2824 alteram
879 2765 976 2827 velata
989 2768 1139 2846 specie,ao

107 2864 190 2925 quarn
212 2846 249 2906 ob
274 2847 302 2906 id
326 2848 526 2926 praetulerunt
547 2864 668 2926 quorum
694 2847 827 2909 condicio
858 2858 922 2909 erat
945 2847 1015 2928 Coi,
1040 2868 1104 2910 cnm

107 2928 211 2990 eodem
226 2932 323 3006 pretio
338 2929 511 3008 detulisset,
528 2948 664 2990 severum
678 2931 706 2991 id
719 2949 753 2992 ac
767 2931 900 3010 pudicum
915 2933 1103 2995 arbitrantes.

63 3021 96 3076 at
109 3013 248 3072 reiectam
269 3009 362 3072 Cnidii
383 3023 516 3074 emerunt
539 3015 668 3076 inmensa
690 3014 853 3076 differentia
874 3016 976 3076 lamae.
1011 3016 1104 3077 voluit

106 3098 191 3156 etiam
215 3093 357 3156 aCnidiis
379 3105 484 3175 postea
505 3100 628 3158 mercari
650 3117 704 3159 rex
718 3097 911 3178 Nicomedes,
938 3108 1029 3161 totum
1052 3118 1103 3161 aes

106 3179 231 3240 alienum
252 3179 330 3258 qnod
354 3189 418 3240 erat
438 3182 543 3258 ingens
565 3171 690 3243 civitatis
714 3182 920 3243 dissoluturum
937 3204 969 3245 se
985 3186 1102 3283 promit·
1092 3197 1138 3238 -ac

105 3271 179 3324 tens.
208 3265 301 3324 omnia
317 3265 433 3343 perpeti
447 3265 592 3343 maluere,
614 3284 669 3326 nec
684 3267 837 3344 inmerito,
858 3265 910 3327 illo
927 3270 1002 3328 enim
1017 3269 1102 3345 signo

104 3346 268 3408 Praxiteles
298 3347 463 3409 nobilitavit
484 3347 613 3410 Gnidum.
655 3349 785 3411 aedicula
806 3352 869 3410 eius
891 3359 951 3412 tota
973 3351 1103 3429 aperitur

98 3437 134 3486 ut
145 3433 280 3508 conspici
293 3433 393 3510 possit
411 3434 536 3513 undique
559 3435 674 3512 effigies
692 3435 746 3494 dea
761 3435 879 3495 favente
896 3436 975 3513 ipsa,
993 3441 1023 3492 ut
1039 3449 1103 3492 cre·
