2378 3840
122 168 182 230 122
463 180 492 228 c.
515 180 611 227 rurru
633 179 783 228 securint

659 258 675 289 Ι

121 334 195 395 dum
214 348 427 412 trecanum,
457 336 530 395 alta
557 336 870 413 quinquagenum,
900 333 1023 412 inqua
1044 335 1128 396 basi

120 416 683 498 quadrataintuslabyrintbum
701 416 1030 495 inextricabilem,
1054 437 1126 496 quo

120 504 151 562 si
178 504 261 580 quis
287 504 486 563 introierit
506 503 587 561 sine
609 501 782 578 glomere
803 501 887 577 lini,
910 503 1050 561 exitum
1069 505 1126 562 in-

76 587 254 652 92venire
276 595 448 664 nequeat.
485 603 596 664 supra
615 584 649 644 id
675 584 894 663 quadratum
914 585 1125 663 pyramides

120 678 222 730 stant
246 672 428 749 quinque,
459 677 638 749 quattuor
665 670 700 728 in
721 668 865 746 angulis
888 677 925 728 et
947 670 982 728 in
1002 669 1148 729 mediet

119 772 203 826 una,
236 757 329 814 imae
363 754 461 814 latae
491 751 622 832 pedum
659 754 806 832 quinum
835 761 1126 831 septuagenum,

120 836 219 897 altae
241 846 434 896 centenum
453 840 766 915 quinquagenum,
783 837 1057 913 italastigatae
1089 846 1126 897 ut

120 922 155 980 in
178 938 313 980 summo
331 919 437 979 orbis
460 926 651 979 aeneuset
671 928 936 997 petasusunus
954 920 1126 981 omnibus

119 1006 170 1063 sit
198 1005 408 1082 inpositus,
435 1021 485 1071 ex.
504 1020 573 1082 quo
602 1002 795 1081 pendeant
815 1013 952 1082 exapta
974 1006 1126 1065 catenis

121 1088 360 1148 tintinabula
393 1101 484 1165 quae
526 1095 640 1147 vento
668 1088 811 1164 agitata
836 1086 948 1165 longe
974 1090 1163 1149 soni'tusm

76 1172 295 1236 93reierant
326 1170 555 1230 utD0donae
587 1170 668 1230 olim
694 1172 839 1230 iactum.
886 1189 998 1250 supra
1021 1190 1127 1250 quem

120 1255 245 1314 orbem
287 1263 463 1331 quattuor
501 1253 715 1331 pyramides
757 1255 912 1333 insuper
954 1255 1126 1333 singulae

120 1345 220 1397 stant
249 1336 351 1397 altae
380 1336 510 1414 pedum
542 1345 743 1398 centenum.
790 1346 903 1416 supra
933 1357 1024 1418 quas
1055 1356 1125 1399 uno

119 1421 202 1482 solo
227 1423 388 1501 quinque
408 1420 644 1499 pyramides,
670 1439 789 1499 quarum
810 1421 992 1483 altitudinem
1015 1422 1125 1482 Varro-

119 1524 185 1565 nem
199 1504 299 1583 puduit
314 1505 449 1581 adicere,
470 1504 586 1565 fabulae
605 1502 748 1565 Etruscae
764 1504 878 1565 tradunt
895 1506 1016 1567 eandem
1029 1508 1160 1566 fuissem

120 1590 308 1668 quamtotius
327 1592 427 1668 operis
444 1587 479 1648 ad
500 1607 559 1648 eas.
590 1607 716 1650 vaesana
732 1590 876 1650 dementia
892 1592 1044 1668 quaesisse
1060 1589 1124 1668 glo·

119 1675 191 1733 riam
218 1672 357 1751 inpendio
385 1672 455 1732 nulli
481 1673 661 1750 profuturo·
690 1682 847 1752 praeterea
871 1673 1012 1752 fatigasse
1037 1676 1123 1752 regni

118 1758 207 1834 viris,
223 1766 253 1816 ut
268 1765 363 1817 tamen
382 1757 444 1817 laus
463 1758 556 1816 maior
576 1757 695 1816 artificis
711 1765 801 1818 esset.

75 1848 111 1904 94
184 1841 269 1919 (20.)
294 1840 416 1919 Legitur
439 1849 469 1900 et
485 1840 609 1918 pensilis
625 1841 747 1918 hortus,
770 1843 855 1900 immo
875 1859 949 1902 vero
966 1850 1058 1902 totum
1073 1860 1125 1921 op·

117 1925 214 2003 pidum
230 1925 398 2001 Aegyptiae
415 1924 535 1983 Thebae
557 1926 705 1983 exercitus
728 1933 853 1985 armatos
875 1925 978 1986 subter
995 1926 1159 1987 educerem

118 2008 214 2068 solitis
230 2009 350 2084 regibus
373 2006 453 2066 nullo
476 2006 687 2085 oppidanorum
709 2010 875 2087 sentiente,
899 2011 1052 2071 etiamnum
1067 2010 1125 2070 hoc

117 2093 210 2150 minus
236 2093 337 2150 mirum
364 2108 448 2168 quarn
471 2089 548 2167 quod
577 2089 696 2151 humine
719 2092 843 2152 medium
872 2094 1008 2172 oppidum
1033 2094 1125 2154 inter-

118 2173 236 2234 lluente.
263 2192 337 2252 quae
354 2176 379 2233 si
395 2175 531 2252 fuissent,
550 2192 608 2234 non
623 2175 738 2235 dubium
753 2186 799 2236 est
814 2176 970 2237 llomerum
984 2177 1124 2238 dicturum

117 2258 227 2335 fuisse,
247 2276 310 2317 cum
328 2267 443 2318 centum
460 2266 560 2336 portas
576 2259 617 2320 ibi
636 2261 828 2339 praedicaret.

75 2352 109 2408 95
189 2343 234 2402 14.
259 2341 344 2421 (21.)
367 2340 496 2403 Graecae
519 2344 750 2422 magnificentiae
766 2362 838 2406 vera
854 2344 1005 2404 admiratio
1024 2351 1156 2404 cristatae

119 2425 257 2504 templum
284 2424 432 2504 Ephesiae
456 2426 566 2488 Dianae
591 2426 672 2488 CXX
690 2430 771 2488 annis
791 2428 897 2486 iactum
917 2443 934 2485 a
955 2435 1017 2486 tota
1040 2426 1122 2488 Asia.

117 2512 147 2570 in
162 2510 228 2570 solo
243 2509 272 2570 id
282 2510 403 2588 palustri
419 2511 532 2589 iecere,
548 2531 585 2573 ne
601 2519 698 2571 terrae
713 2517 807 2570 motus
822 2509 946 2567 sentiret
962 2515 1011 2566 aut
1025 2507 1124 2571 hiatus

118 2596 252 2670 timeret,
267 2612 368 2654 rursus
386 2613 424 2654 ne
438 2596 467 2653 in
481 2593 595 2655 lubrico
612 2603 700 2670 atque
715 2590 842 2651 instabili
859 2591 1043 2652 fundamenta
1061 2601 1123 2654 tan·

118 2686 165 2738 tae
180 2676 265 2736 molis
280 2677 458 2754 locarentur,
473 2678 591 2738 calcatis
603 2695 637 2736 ea
649 2676 839 2736 substravere
852 2675 1040 2752 carbonibus,
1054 2677 1124 2737 dein

117 2761 278 2819 velleribus
295 2761 389 2825 lanae.
420 2762 559 2820 universo
578 2758 687 2838 templo
703 2759 855 2837 longitudo
871 2768 917 2820 est
934 2756 1157 2820 ccccmo

117 2841 240 2920 pedum,
261 2842 383 2903 latitudo
402 2841 553 2919 COXXV,
575 2843 726 2904 columnae
751 2852 866 2904 centum
885 2845 988 2922 viginti
1004 2852 1121 2922 septem

117 2944 133 2985 a
149 2923 271 3001 singulis
285 2927 406 3002 regibus
419 2927 513 2986 iactae
524 2924 576 2986 LX
588 2926 692 3005 pedum
709 2927 872 3006 altitudine,
891 2947 929 2988 ex
944 2929 980 2987 iis
993 2922 1121 2988 XXXVI

117 3008 263 3084 caelatae,
285 3026 341 3067 una
358 3027 374 3068 a
389 3007 493 3086 Scopa.
531 3013 616 3090 operi
635 3013 760 3089 praefuit
778 3009 979 3091 Chersiphron
995 3010 1121 3072 archite-

74 3103 109 3158 96
120 3102 191 3156 ctus.
224 3108 330 3152 summa
346 3092 475 3153 miraculi
495 3095 632 3173 epistylia
648 3104 744 3157 tantae
756 3095 842 3155 molis
859 3095 954 3156 attolli
973 3096 1117 3174 potuisse.

116 3178 146 3239 id
160 3185 336 3238 consecutus
360 3185 407 3237 est
420 3176 471 3237 ille
490 3180 648 3241 aeronibus
666 3180 794 3240 harenae
810 3180 924 3258 plenis,
940 3179 1021 3239 molli
1038 3177 1117 3238 clivo
1128 3193 1155 3235 se

117 3280 207 3341 super
227 3263 322 3342 capita
342 3261 537 3323 columnarum
559 3273 758 3342 exaggerato,
779 3263 926 3342 paullatim
949 3263 1120 3325 exinaniens

116 3347 190 3407 imos
209 3354 240 3405 ut
257 3348 366 3406 sensim
381 3364 454 3406 onus
469 3348 499 3406 in
514 3345 583 3408 loco
600 3347 729 3410 sederet.
764 3347 933 3409 difficillime
954 3347 1011 3406 hoc
1026 3346 1121 3404 conti·

101 3431 154 3502 git
170 3431 204 3489 1'11
225 3429 330 3492 limine
351 3433 419 3514 ipso
440 3431 517 3512 quod
536 3432 649 3493 loribus
674 3432 844 3511 imponebat.
882 3432 990 3493 etenim
1012 3446 1047 3488 ea
1061 3444 1121 3488 ma·
