2378 3840
121 169 179 230 170
462 180 492 229 o.
513 181 608 229 nunu
630 180 780 230 sncuuor

76 345 127 399 149
182 332 260 416 (55.)
276 335 424 394 Balanitae
441 335 497 394 duo
513 353 623 412 genera
639 343 722 411 suut,
748 335 904 395 subviridis
927 341 957 394 et
972 333 1120 398 corinthii

117 419 195 478 aeris
211 419 414 495 similitudine,
429 418 504 477 illaa
517 416 630 496 copto,
646 418 720 478 haec
734 419 769 477 ab
782 417 980 494 Trogodytica
994 421 1119 481 veniens

116 500 239 561 mediam
261 511 380 562 secante
404 501 533 561 llammea
551 520 633 562 vena.
667 501 844 562 Batraohitas
867 518 984 578 quoque
1004 500 1120 582 Coptos

116 587 219 661 mittit,
244 603 325 645 unam
340 603 427 644 ranae
445 585 566 644 similem
588 586 709 661 colore,
729 584 849 644 alteram
873 584 976 660 ebeni,
1002 588 1121 646 tertiam

117 668 248 728 rubentis
266 669 395 745 emigro.
424 668 531 746 Raptes
547 668 642 729 mollis
657 667 765 746 alioqui
781 667 872 727 odore
889 667 1018 729 excellit.
1053 669 1144 731 Belia

119 752 219 811 oculus
238 751 366 812 albicans
384 752 520 831 pupillam
536 753 626 829 cingit
642 753 752 829 nigram
767 750 892 811 emedio
909 768 998 811 aureo
1014 752 1120 814 colore

117 834 279 910 fulgentem
301 843 331 895 et
347 844 471 915 propter
485 838 612 914 speciem
632 836 827 895 sacratissimo
846 833 1035 910 Assyriorum
1060 836 1120 897 deo

117 916 247 977 dicatam.
266 918 350 979 aliam
365 928 460 979 autem
475 937 557 997 quam
568 917 669 978 Belum
682 926 787 977 vocant
798 919 827 976 iu
839 916 957 978 Arbelis
970 921 1049 978 nasci
1061 918 1120 983 De-

116 1002 255 1062 mocritus
279 1001 365 1061 tradit
385 1004 467 1063 nucis
492 1002 634 1080 iuglandis
657 1001 870 1078 magnitudine,
891 997 985 1061 uitreo
1005 1005 1118 1080 specie.

76 1095 127 1147 150
137 1084 320 1163 Baroptenus
346 1087 409 1146 sive
436 1086 558 1165 barippe
587 1087 671 1163 nigra
697 1085 864 1162 sanguineis
887 1092 916 1144 et
937 1084 1011 1145 albis
1032 1086 1119 1146 nodis
1132 1100 1157 1142 m

118 1167 271 1246 adalligata
296 1170 438 1245 proicitur
460 1168 550 1228 veluti
574 1177 755 1246 portentosa.
797 1167 938 1244 Botryitis
959 1168 1014 1229 alia
1035 1171 1121 1246 nigra

118 1259 181 1327 est,
203 1250 259 1310 alia
274 1253 443 1329 pampinea,
461 1253 611 1329 incipienti
626 1269 699 1310 uvae
719 1251 831 1310 similis.
855 1250 1050 1328 Bostrychitin
1062 1251 1120 1312 Zo-

117 1341 249 1393 roastres
263 1333 391 1394 crinibus
402 1334 552 1394 mulierum
563 1335 731 1394 similiorem
742 1343 836 1394 vocat.
857 1333 996 1395 bucardia
1007 1334 1119 1396 bubulo

118 1416 198 1476 cordi
215 1417 317 1477 similis
331 1416 482 1495 Babylone
498 1426 605 1477 tantum
620 1420 755 1478 nascitur.
782 1417 908 1477 Brontea
924 1419 1010 1499 capiti
1026 1427 1119 1478 testu·

117 1499 214 1560 diuum
227 1520 244 1560 e
257 1501 413 1561 tonitribus
426 1501 512 1579 cadit,
528 1509 559 1560 ut
571 1510 682 1580 putant,
693 1503 907 1578 restinguitque
918 1501 1036 1562 fulmine
1048 1504 1119 1580 icta,
1131 1517 1156 1559 rs

118 1587 142 1644 si
159 1583 311 1645 credimus.
334 1584 428 1646 Boloe
440 1587 470 1643 in
480 1584 570 1645 lbero
583 1587 768 1645 inueniuntur
781 1585 906 1662 glaebae
921 1585 1118 1646 similitudine.

75 1679 124 1732 151
180 1669 261 1746 (56.)
282 1666 418 1728 cadmitis
442 1669 541 1729 eadem
564 1677 611 1728 est
635 1669 878 1746 quaetostracitis
899 1676 1037 1746 vocatur,
1061 1670 1118 1730 uisi

117 1751 195 1830 quod
209 1750 282 1811 hauc
298 1752 452 1812 caeruleae
467 1752 608 1812 interdum
624 1753 742 1829 cingunt
756 1750 864 1813 bullae.
897 1749 1003 1812 callais
1020 1755 1119 1832 sappi·

116 1852 179 1894 rum
194 1836 321 1894 unitatur
334 1835 481 1896 candidior
496 1843 526 1895 et
544 1836 668 1896 litoroso
684 1837 755 1895 mari
770 1835 879 1895 similis.
910 1833 1042 1913 Gapnitis
1056 1838 1119 1914 qui·

117 1918 236 1978 busdam
248 1917 361 1978 videtur
373 1937 453 1978 sumn
464 1937 557 1996 genus
569 1918 691 1994 habere,
704 1918 835 1997 pluribus
848 1918 968 1997 iaspidis
981 1919 1117 1997 tumidae,
1129 1933 1154 1978 at

75 2019 110 2055 ne
120 2009 151 2060 ut
167 2020 221 2062 suo
237 2002 304 2062 loco
316 2001 447 2062 diximus.
471 2000 653 2081 Cappadocia
668 2011 698 2061 et
712 2003 741 2062 lo
752 2000 878 2079 Phrygia
892 2003 1018 2061 nascitur
1033 2002 1119 2063 ebori

118 2085 228 2144 similis.
265 2082 419 2144 callaicam
438 2093 543 2144 vocant
564 2104 581 2144 e
601 2084 717 2144 turbido
741 2083 873 2145 callaino.
908 2085 1006 2145 lerunt
1026 2085 1119 2164 pluris

74 2176 126 2231 152
138 2169 304 2240 coniunctas
327 2185 444 2246 semper
464 2169 595 2228 inueniri.
635 2166 793 2229 catochitis
817 2166 956 2229 corsicae
976 2169 1050 2247 lapis
1072 2178 1120 2230 est

118 2251 227 2311 ceteris
240 2251 332 2310 maior
347 2260 377 2311 et
392 2252 485 2329 magis
500 2252 652 2328 mirabilis,
669 2254 694 2313 si
705 2271 776 2313 vera
787 2253 946 2328 traduntur,
962 2253 1119 2330 inpositam

116 2351 228 2394 manum
239 2335 331 2394 veluti
343 2337 444 2395 cummi
456 2337 597 2397 retinens.
626 2335 797 2414 catoptritis
811 2337 840 2394 in
852 2333 1034 2412 Cappadocia
1048 2353 1119 2412 pro·
1129 2355 1157 2395 ss

118 2417 197 2477 venit
220 2417 346 2477 caudore
367 2420 521 2497 imaginem
537 2439 691 2498 regerens.
731 2416 842 2494 cepitis
864 2418 928 2475 sive
949 2417 1118 2494 cepolatitis

66 2554 70 2561 .
117 2501 235 2560 candida
253 2509 317 2578 est,
341 2520 479 2563 venarum
500 2503 672 2563 coeuntibus
688 2501 764 2560 liniis
783 2501 813 2558 iu
833 2515 926 2559 unum.
962 2497 1119 2562 Geramitis

75 2592 228 2649 153testae
238 2585 369 2645 colorem
380 2585 479 2646 habet.
495 2584 650 2646 cinaediae
660 2582 1016 2644 inveniunturincerebro
1027 2584 1119 2662 piscis

118 2668 249 2729 eiusdem
264 2669 404 2744 nominis,
424 2669 562 2729 candidae
576 2678 606 2728 et
618 2667 764 2743 oblongae
780 2674 946 2745 eventuque
962 2667 1071 2745 mirae,
1092 2671 1117 2729 si

115 2751 202 2810 modo
222 2759 269 2811 est
289 2751 362 2811 fides
380 2753 551 2829 praesagire
571 2769 621 2811 eas
638 2749 765 2810 habiturn
776 2751 861 2809 maris
874 2749 964 2810 nubili
975 2749 1024 2811 uel
1040 2759 1118 2813 tran·
1129 2769 1158 2812 ao

116 2833 206 2911 quilli.
244 2831 350 2892 ceritis
367 2850 454 2894 cerae
476 2834 577 2893 similis
599 2842 662 2911 est,
684 2834 779 2894 circos
801 2833 938 2911 triorchi,
961 2835 1117 2896 corsoides

116 2917 238 2976 canitiae
260 2917 381 2994 capitis,
402 2917 632 2977 corallcacbates
652 2917 774 2980 corallio
796 2918 892 2977 aureis
907 2919 997 2994 guttis
1016 2917 1118 2979 distin·

75 3010 126 3065 154
138 3008 201 3077 cta,
223 2998 341 3060 corallis
356 2999 462 3075 minio,
484 3001 614 3077 gignitur
630 3000 755 3061 inludia
771 3009 801 3060 et
817 2999 925 3076 Syene.
961 2999 1118 3062 crateritis

116 3086 193 3144 inter
208 3081 415 3159 chrysolithum
436 3091 465 3142 et
485 3083 624 3143 electrum
645 3084 775 3145 colorem
796 3083 884 3144 habet
905 3084 1047 3163 praedura
1068 3103 1118 3146 na·

115 3176 189 3227 tura.
225 3165 367 3227 crocallis
389 3183 520 3226 cerasum
542 3176 754 3246 repraesentat.
791 3165 883 3244 cyitis
906 3168 982 3227 circa
999 3165 1155 3246 Coptouas

115 3253 243 3311 nascitur
259 3250 377 3310 candida
403 3258 433 3310 et
452 3251 568 3311 videtur
585 3253 662 3312 intus
682 3251 790 3312 habere
810 3258 921 3329 partum
941 3251 988 3328 qui
1010 3255 1118 3314 sentia·

116 3343 162 3394 tur
177 3336 263 3394 etiam
287 3335 411 3413 crepitu.
442 3332 665 3413 chalcophonos
682 3338 764 3413 nigra
780 3342 840 3411 est,
862 3333 914 3394 sed
935 3334 1017 3392 inlisa
1038 3338 1118 3395 aeris

53 3425 111 3477 155
123 3419 260 3478 trhm'tum
276 3416 390 3497 reddit,
409 3419 576 3500 tragoedis,
592 3426 623 3478 ut
639 3419 777 3495 suadent,
795 3417 947 3495 gestanda.
980 3414 1119 3479 chelido-
