2378 3840
272 223 353 271 unu.
375 223 465 272 arser.
487 213 904 292 xxxv11.1a.1a.(74-77.)
1029 214 1085 275 179

92 387 188 440 menta
202 378 332 458 pluribus
348 379 440 439 modis
457 385 607 456 constant,
629 380 747 456 primum
763 377 908 456 pondere,
932 379 1085 455 graviores

93 462 168 524 enim
186 470 252 521 sunt
269 481 373 540 verae,
397 462 463 522 dein
477 462 606 538 frigore,
630 461 749 521 eaedem
764 479 884 539 namque
900 463 929 520 in
945 479 997 521 ore
1013 461 1086 538 geli·

93 547 191 605 diores
208 549 388 622 sentiuntur,
409 552 475 623 post
490 544 562 604 haee
576 563 711 623 corpore.
741 546 853 604 ficticiis
868 545 969 623 pusula
988 563 1004 604 e
1020 561 1085 622 pro·

92 629 180 689 iundo
199 628 339 707 adparet,
364 628 501 688 scabritia
527 630 556 686 in
583 637 648 688 cute
673 636 703 687 et
723 627 937 706 capillamenta,
962 627 1086 704 fulgoris

70 715 301 789 sinconstantia,
316 714 396 790 prius
411 729 493 789 quam
509 711 544 770 ad
561 713 662 771 oeulos
679 713 830 790 perveniat
846 712 982 771 desinens
998 712 1083 770 nitor.

93 797 206 855 decussi
222 795 376 872 fragmenti
395 794 472 871 quod
487 797 516 852 in
531 793 596 854 lima
611 795 682 855 ferri
696 803 823 854 moratur
838 795 1066 855 efficacissimum
1077 803 1129 856 200

93 880 322 956 experimentum
354 885 492 938 excusant
531 895 687 954 mangones
724 896 912 955 gemmarum,
952 885 1087 937 recusant

93 960 227 1020 similiter
248 968 278 1020 et
300 961 385 1021 limae
409 960 619 1039 probationem.
662 962 799 1021 obsianae
820 962 979 1038 fragmenta
1000 978 1085 1020 veras

93 1061 219 1120 gemmas
240 1057 304 1103 non'
318 1044 499 1122 scariphant,
521 1046 550 1102 in
573 1045 685 1105 licticiis
706 1043 881 1122 scariphatio
905 1046 996 1103 omnis
1022 1061 1086 1103 can-

62 1128 176 1186 rodicat.
219 1128 273 1185 iam
302 1135 379 1187 tanta
404 1127 566 1186 dillerentia
592 1136 638 1187 est
666 1134 696 1186 ut
719 1126 792 1186 aliae
816 1127 895 1186 ferro
917 1126 1006 1205 scalpi
1029 1144 1086 1185 non

93 1211 223 1289 possint,
251 1210 325 1270 aliae
350 1228 407 1269 nou
437 1210 491 1269 nisi
519 1220 657 1286 retunso,
686 1227 785 1270 omnes
811 1218 905 1270 autem
928 1209 1085 1269 adamante.

93 1294 252 1372 plurumum
273 1311 343 1353 vcro
365 1296 394 1352 in
410 1295 446 1352 iis
462 1294 642 1353 terebrarum
654 1294 768 1371 prolicit
782 1294 890 1353 lervor.
921 1292 1086 1353 Gemmiieri

93 1396 190 1436 amnes
212 1386 278 1435 sunt
299 1377 444 1436 Acesinus
469 1383 499 1435 ct
521 1375 652 1452 Ganges,
684 1384 823 1436 terrarum
848 1385 943 1435 autem
960 1378 1086 1435 omnium

93 1477 223 1519 maxume
241 1459 331 1519 lndia.

61 1559 84 1598 ra
156 1542 236 1621 (77.)
253 1542 368 1602 Etenim
384 1541 510 1619 peractis
533 1539 663 1599 omnibus
679 1548 797 1600 naturae
814 1540 951 1618 operibus
970 1541 1125 1604 dison-201

93 1643 158 1684 men
175 1625 314 1702 quoddam
334 1642 431 1685 rerum
452 1625 578 1701 ipsarum
599 1631 685 1701 atque
707 1632 848 1683 terrarum
867 1624 965 1685 facere
981 1624 1088 1684 conve-

94 1710 163 1768 niet.
189 1706 269 1784 Ergo
288 1711 316 1767 in
333 1717 394 1768 toto
412 1706 497 1783 orbe,
512 1724 690 1784 quacumque
705 1706 778 1766 caeli
795 1709 963 1767 convexitas
979 1709 1086 1784 vergit,

94 1790 286 1870 pulcherrima
304 1794 426 1851 omnium
442 1799 488 1850 est
509 1792 538 1849 in
553 1790 701 1867 rebusque
718 1792 821 1850 merito
838 1792 1026 1869 principatum
1040 1809 1088 1849 na·

95 1883 176 1933 turae
198 1876 311 1952 optinet
331 1875 431 1950 ltalia,
454 1875 564 1934 rectrix
586 1891 750 1951 parensque
770 1873 863 1933 muudi
888 1873 994 1949 altera,
1017 1875 1087 1933 viris

60 1958 226 2033 coleminis,
245 1957 380 2033 ducibus,
392 1957 546 2031 militibus,
566 1958 712 2034 servitiis,
729 1959 831 2016 artium
843 1958 1034 2033 praestantia,
1046 1958 1087 2016 in·

93 2042 245 2118 geniorum
266 2041 460 2118 claritatibus,
488 2043 542 2100 iam
567 2043 623 2100 situ
647 2058 680 2099 ao
706 2040 876 2100 salubritate
903 2039 976 2099 caeli
999 2047 1087 2116 atque

95 2124 254 2201 temperie,
281 2143 401 2184 accessu
416 2133 577 2184 cunctarum
596 2125 724 2201 gentium
739 2124 833 2199 lacili,
856 2125 1004 2201 portuosis
1022 2123 1087 2181 lito·

95 2206 192 2283 ribus,
219 2208 347 2284 benigno
369 2214 517 2265 ventorum
539 2207 659 2283 adflatu,
687 2206 764 2283 quod
793 2208 914 2283 contigit
940 2208 1087 2285 positione

96 2292 292 2368 procurrentis
310 2292 338 2349 in
355 2297 464 2368 partem
480 2288 657 2348 utilissimam
672 2297 702 2348 et
717 2291 794 2348 inter
811 2299 892 2348 ortus
909 2307 1087 2368 occasusque

60 2391 85 2430 aa
95 2374 231 2450 mediam,
247 2392 383 2451 aquarum
398 2370 496 2450 copia,
512 2388 658 2431 nemorum
670 2371 857 2449 salubritate,
872 2375 1007 2432 montium
1022 2374 1087 2431 arti·
1142 2436 1145 2443 ,

95 2456 184 2533 culis,
211 2458 339 2517 ferorum
353 2455 513 2516 animalium
528 2453 709 2530 innocentia,
733 2455 788 2514 soli
804 2454 972 2531 fertilitate,
989 2455 1086 2534 pabuli

95 2540 236 2600 ubertate.
266 2539 401 2617 quidquid
417 2547 461 2598 est
479 2556 535 2617 quo
550 2556 651 2597 carere
663 2540 722 2598 vita
740 2557 797 2598 non
813 2539 919 2599 debeat
932 2549 1129 2617 nusquamque

95 2631 141 2681 est
156 2625 364 2699 praestantius:
394 2623 511 2699 lrugcs,
528 2623 639 2696 vinum,
661 2620 773 2699 oleum,
792 2622 918 2698 vellera,
940 2622 1014 2698 lina,
1037 2641 1086 2681 ve·

95 2714 173 2781 stes,
196 2707 318 2766 iuvenci.
348 2725 384 2765 ne
401 2722 492 2783 equos
511 2704 625 2782 quidem
642 2706 670 2763 in
687 2706 813 2780 trigariis
829 2704 905 2764 ullos
926 2705 1088 2765 vernaculis

59 2803 84 2843 ao
95 2789 271 2866 praeierunt.
304 2789 428 2848 metallis
445 2790 522 2866 auri,
539 2790 668 2865 argenti,
691 2789 785 2865 aeris,
803 2789 892 2864 ierri,
907 2788 1037 2866 quamdiu
1055 2788 1087 2847 li·

94 2873 152 2930 cuit
169 2891 328 2948 exercere,
354 2873 438 2932 nullis
458 2873 548 2931 cessit
571 2875 657 2931 terris
678 2879 708 2931 ct
726 2890 799 2932 nunc
820 2873 893 2932 intra
917 2892 952 2932 se
970 2872 1088 2949 gravida

94 2972 148 3032 pro
166 2957 240 3013 omni
257 2955 325 3015 dote
343 2957 439 3015 varios
462 2972 548 3015 suoos
565 2964 594 3014 et
614 2956 727 3032 irugum
740 2973 947 3034 pomorumque
964 2973 1086 3033 sapores

94 3035 196 3096 fundit.
226 3038 271 3098 Ab
289 3056 323 3099 ea
338 3040 470 3117 exeeptis
483 3038 580 3098 Indiae
594 3039 734 3098 fabulosis
752 3058 919 3118 proxumam
935 3039 1067 3116 equidem
1078 3047 1130 3102 aod

96 3119 226 3178 duxerim
253 3121 417 3200 Hispaniam
444 3139 623 3200 quacumque
652 3122 774 3181 ambitur
801 3125 888 3198 mari,
921 3138 1087 3199 quamquam

60 3224 84 3264 us
96 3203 253 3278 squalidam
274 3223 311 3264 ex
330 3214 429 3283 parte,
457 3222 573 3280 verum,
601 3205 647 3263 ubi
669 3207 779 3282 gignit,
809 3207 934 3265 ieracem
963 3205 1087 3281 frugum,

98 3285 173 3362 olei,
196 3288 269 3362 vini,
298 3305 436 3365 equorum
460 3286 698 3365 metallorumque
723 3290 845 3347 omnium
871 3306 1025 3364 generum,
1052 3286 1086 3346 ad

96 3370 169 3429 haec
182 3371 243 3447 pari
259 3369 360 3431 Gallia.
400 3388 500 3430 verum
516 3368 641 3429 desertis
658 3372 717 3429 suis
736 3380 835 3449 sparto
850 3373 937 3430 vincit
951 3371 1086 3448 Hispania

97 3461 128 3511 et
148 3452 242 3531 lapide
271 3453 428 3532 speculari,
455 3454 666 3530 pigmentorum
689 3455 775 3514 etiam
800 3454 916 3514 deliciis
924 3497 944 3566 ἰ
957 3453 1100 3510 laborum

885 3541 941 3596 W
