2378 3840
217 208 297 256 uun.
313 207 407 256 rursu.
422 207 563 255 xxxrur.
578 204 620 256 18.
636 193 873 271 (55.)-xxnv.
889 205 913 254 n.
932 194 989 274 (c.)
1064 193 1105 254 67

108 379 181 423 rero
198 362 226 425 in
242 369 332 438 totum
347 380 364 421 a
378 360 567 422 marmoribus
583 359 683 438 pulsa,
699 360 753 420 ianr
769 359 930 437 quidemst
947 377 1017 419 auro
1025 402 1036 435 ,
1051 377 1106 419 nec

109 454 214 506 tantum
236 453 265 504 ut
282 447 410 523 parietes
426 446 480 505 toti
503 445 689 523 operiantur,
712 463 814 504 verum
829 452 859 504 et
874 446 1018 503 interraso
1034 459 1106 502 mar·

108 545 190 588 more
204 529 459 606 vermiculatisque
471 528 505 588 ad
523 528 639 605 efligies
657 546 753 587 rerum
770 536 800 587 et
815 526 975 587 animalium
990 526 1104 586 crustis.

108 629 167 671 non
181 611 362 690 placentiam
374 612 455 672 abaci
470 630 525 671 nec
537 613 629 689 spatia
640 613 745 671 montis
757 612 786 670 in
797 610 931 670 cubiculo
944 610 1102 686 dilatantis,
1118 621 1135 673 3

87 697 257 773 scoepimus
280 704 310 756 et
332 695 428 774 lapide
444 697 577 774 pingere.
614 694 670 754 hoc
692 691 792 755 Claudi
818 695 979 772 principatu
1007 695 1106 753 inven-

108 787 182 854 tum,
204 778 332 839 Neronis
347 797 420 839 vero
435 779 563 838 maculas
580 796 653 855 quae
670 795 729 838 nou
744 786 844 838 essent
863 779 892 836 in
908 779 1014 838 crustis
1030 779 1106 836 inse·

108 863 200 923 reudo
219 864 357 922 unitatem
372 864 503 939 variare,
524 870 555 921 ut
571 870 672 921 ovatus
689 869 770 921 esset
787 860 970 939 Numidicus,
995 869 1025 920 ut
1041 880 1106 940 pur·

109 963 180 1022 pura
192 945 421 1021 distingueretur
436 944 626 1020 Synnadicus,
642 945 767 1022 qualiter
779 944 847 1004 illos
862 946 941 1004 nasci
955 953 1107 1023 optassent

108 1026 239 1087 deliciae.
276 1029 414 1087 montium
440 1027 514 1087 hacc
536 1026 664 1087 subsidia
685 1027 896 1103 deficientium,
928 1046 983 1088 nec
1010 1036 1106 1088 cessat

74 1127 99 1170 ro
108 1109 221 1169 luxuria
238 1109 268 1169 id
286 1128 376 1188 agere
394 1119 424 1170 ut
441 1128 525 1187 quam
542 1110 702 1189 plurumum
718 1110 858 1171 incendiis
873 1111 984 1189 perdat.

169 1193 264 1277 2(2.)
289 1193 445 1271 lmaginum
466 1193 582 1272 quidem
607 1195 735 1272 pictura,
760 1211 816 1272 qua
843 1213 974 1255 maxume
994 1194 1133 1258 similesl

107 1277 136 1336 in
152 1294 256 1337 aevom
280 1277 515 1355 propagabantur
537 1279 665 1355 tigurae,
692 1279 722 1337 iu
744 1285 835 1338 totum
854 1278 993 1338 exolevit.
1025 1279 1106 1339 aerei

107 1370 252 1438 ponuntur
267 1360 366 1439 clipei,
382 1370 541 1438 argenteae
556 1362 646 1421 iacies
657 1361 745 1421 surdo
760 1361 915 1438 figurarum
930 1362 1106 1437 discrimine,

108 1450 265 1503 statuarum
284 1445 378 1521 capita
400 1451 615 1521 permutantur,
637 1443 763 1520 volgatis
789 1446 844 1503 iarn
865 1445 977 1522 pridem
996 1443 1105 1504 salibus

74 1546 97 1586 rs
108 1527 195 1585 etiam
209 1527 371 1585 carminum.
398 1526 471 1585 adeo
484 1528 632 1586 materiam
644 1527 774 1604 conspici
792 1527 898 1584 malunt
911 1544 1011 1585 omnes
1024 1544 1107 1603 quam

109 1627 142 1668 se
158 1611 252 1669 nosci.
285 1616 315 1668 et
332 1612 407 1668 inter
424 1608 501 1668 haec
520 1609 725 1686 pinacothecas
741 1608 891 1668 veteribus
911 1609 1015 1669 tabulis
1038 1627 1106 1669 con·

108 1700 194 1752 suunt
217 1692 385 1770 alienasque
406 1692 522 1769 efligies
544 1691 659 1768 colunt,
682 1692 738 1770 ipsi
759 1691 902 1751 honorem
919 1711 978 1752 non
1001 1694 1056 1753 nisi
1077 1695 1107 1752 in

108 1777 205 1854 pretio
221 1774 372 1852 ducentes,
392 1784 421 1835 ut
436 1776 550 1853 frangat
565 1775 653 1834 heres
668 1776 800 1853 furisque
816 1775 948 1836 detrahat
963 1776 1104 1854 laqueum.

108 1862 207 1938 itaque
237 1859 342 1919 nullius
367 1859 467 1937 eiirgie
489 1861 608 1919 vivente
624 1860 763 1936 imagines
782 1860 941 1937 pecuniae,
960 1877 1018 1919 non
1036 1872 1134 1924 suast

72 1965 98 2007 ao
106 1943 258 2004 relincunt.
281 1942 369 2003 iidem
378 1943 539 2022 palaestras
550 1943 721 2003 athletarum
733 1942 904 2021 imaginibus
917 1952 947 2004 et
960 1953 1107 2005 ceromata

107 2046 158 2088 sua
176 2034 337 2105 exornant,
353 2025 507 2105 Epicurios
530 2026 626 2087 voltus
647 2045 701 2106 per
716 2026 848 2088 cubicula
864 2037 982 2104 gestant
1002 2046 1036 2088 ao
1053 2030 1106 2088 cir-

107 2113 267 2173 cumierunt
295 2129 401 2172 secum.
438 2111 525 2170 natali
557 2113 620 2171 eius
644 2111 824 2189 sacrificant,
854 2112 1002 2190 feriasque
1029 2115 1104 2173 omni

107 2212 207 2252 mense
229 2193 396 2253 custodiunt
413 2195 550 2252 vicesima
567 2195 633 2252 luna
650 2212 720 2271 quas
742 2195 838 2255 icadas
853 2204 976 2273 vocant,
1001 2195 1030 2256 hi
1048 2215 1105 2256 ma·

107 2293 193 2334 xumc
210 2275 258 2351 qui
281 2293 321 2334 se
335 2293 371 2333 ne
388 2276 515 2333 viventis
538 2276 653 2351 quidem
675 2279 756 2336 nosci
775 2278 884 2337 volunt.
917 2281 957 2338 ita
976 2289 1022 2339 est
1038 2297 1105 2357 pro·

74 2358 203 2417 relecto:
221 2357 291 2416 artis
307 2355 418 2416 desidia
434 2355 577 2435 perdidit,
594 2365 624 2415 et
639 2360 774 2433 quoniam
791 2361 948 2419 animorum
962 2361 1104 2437 imagines

108 2457 166 2500 uon
181 2447 263 2516 sunt,
280 2439 475 2517 negleguntur
491 2440 577 2500 etiam
592 2455 756 2516 corporum.
783 2441 868 2499 aliter
883 2441 959 2519 apud
974 2444 1100 2502 maiores
1115 2453 1133 2507 6

107 2526 137 2584 in
151 2525 232 2583 atriis
249 2523 414 2583 haeserant
432 2541 505 2602 quae
520 2530 732 2601 spectarentur,
749 2539 807 2581 uon
823 2524 905 2599 signa
918 2532 1105 2584 externorum

109 2608 264 2682 artificum,
289 2625 344 2668 nec
362 2624 430 2668 ocra
448 2615 496 2666 aut
516 2623 656 2665 marmora
666 2648 676 2682 ,
699 2606 834 2683 expressi
852 2624 920 2665 cera
936 2606 1032 2666 voltus
1048 2609 1105 2668 sin·

108 2689 184 2766 gulis
203 2688 431 2766 disponebantur
446 2690 591 2765 armariis,
611 2697 641 2747 ut
658 2696 759 2755 essent
771 2690 910 2766 imagines
928 2708 1002 2767 qnae
1017 2695 1104 2750 comi·

73 2779 240 2831 rotarentur
254 2771 403 2849 gentilicia
420 2773 538 2850 lunera,
560 2790 735 2851 semperque
752 2771 889 2832 defuncto
912 2773 1008 2852 aliquo
1025 2783 1103 2835 totus

109 2854 208 2914 aderet
223 2853 350 2914 familiae
370 2855 432 2914 eius
449 2856 497 2933 qui
521 2874 650 2934 umquam
672 2856 768 2916 iuerat
790 2855 923 2934 populus.
955 2866 1103 2918 stemmata

109 2955 181 2998 vero
204 2937 280 2996 liniis
301 2937 502 2998 discurrebant
516 2938 552 2999 ad
568 2941 708 3016 imagines
723 2940 824 3016 pictas.
850 2940 976 3000 tabulina
996 2943 1131 3006 codici-l

110 3022 163 3082 bus
178 3020 362 3099 inplebantur
375 3029 405 3081 et
416 3023 599 3082 monimentis
614 3041 710 3082 rerum
722 3023 751 3081 in
764 3022 932 3099 magistratu
945 3034 1101 3102 gestarum.

110 3105 184 3165 aliae
195 3105 269 3166 ioris
285 3113 315 3164 et
325 3107 401 3164 circa
413 3103 509 3164 limina
527 3107 682 3166 animorum
699 3106 858 3183 ingentium
869 3108 1008 3184 imagines
1021 3116 1103 3168 erant

75 3189 210 3250 ssadhxis
239 3188 363 3248 bostium
387 3188 490 3267 spoliis
513 3206 587 3266 quae
610 3206 665 3248 nec
694 3191 818 3268 emptori
839 3190 966 3266 refigere
987 3191 1102 3268 liceret,

109 3272 377 3352 triumphabantque
393 3273 479 3333 etiarn
495 3272 616 3333 dominis
633 3274 748 3335 mutatis
771 3280 884 3351 emptae
900 3274 1010 3335 domus.
1042 3284 1104 3333 erat

109 3355 183 3418 hacc
198 3356 355 3417 stimulatio
370 3357 474 3434 ingens
486 3356 732 3434 exprobrantibus
744 3358 830 3417 tectis
847 3357 954 3417 cotidie
965 3357 1103 3418 inbellem

110 3437 252 3501 dominum
276 3441 383 3501 intrarc
406 3443 436 3500 iu
463 3441 586 3501 alienum
614 3439 794 3519 triumphum.
831 3438 1144 3579 Exstqqxblessalsem
