<?xml version="1.0" encoding="UTF-8"?>
<!DOCTYPE html PUBLIC "-//W3C//DTD XHTML 1.0 Transitional//EN"
    "http://www.w3.org/TR/xhtml1/DTD/xhtml1-transitional.dtd">
<html xmlns="http://www.w3.org/1999/xhtml" xml:lang="en" lang="en">
 <head>
  <title>
</title>
<meta http-equiv="Content-Type" content="text/html;charset=utf-8" />
  <meta name='ocr-system' content='tesseract 3.04.00' />
  <meta name='ocr-capabilities' content='ocr_page ocr_carea ocr_par ocr_line ocrx_word'/>
</head>
<body>
  <div class='ocr_page' id='page_1' title='image "./cplinisecundina05plingoog_0264.png"; bbox 0 0 2378 3840; ppageno 0'>
   <div class='ocr_carea' id='block_1_1' title="bbox 335 176 1175 276">
    <p class='ocr_par' dir='ltr' id='par_1_1' title="bbox 335 176 1175 276">
     <span class='ocr_line' id='line_1_1' title="bbox 335 176 1175 276; baseline 0.001 -22"><span class='ocrx_word' id='word_1_1' title='bbox 335 209 416 256; x_wconf 83' lang='lat' dir='ltr'><strong>uun.</strong></span> <span class='ocrx_word' id='word_1_2' title='bbox 439 208 530 256; x_wconf 82' lang='lat' dir='ltr'><strong>nusn.</strong></span> <span class='ocrx_word' id='word_1_3' title='bbox 552 208 687 254; x_wconf 83' lang='lat' dir='ltr'><strong>xxxvn.</strong></span> <span class='ocrx_word' id='word_1_4' title='bbox 706 205 730 256; x_wconf 80' lang='lat' dir='ltr'><strong>a.</strong></span> <span class='ocrx_word' id='word_1_5' title='bbox 754 196 911 276; x_wconf 54' lang='grc' dir='ltr'>(μη),</span> <span class='ocrx_word' id='word_1_6' title='bbox 1061 197 1118 255; x_wconf 82' lang='grc'><strong>147</strong></span> <span class='ocrx_word' id='word_1_7' title='bbox 1173 176 1175 180; x_wconf 52' lang='grc'><em>’</em></span> 
     </span>
    </p>
   </div>
   <div class='ocr_carea' id='block_1_2' title="bbox 81 360 1171 3431">
    <p class='ocr_par' dir='ltr' id='par_1_2' title="bbox 83 360 1171 2932">
     <span class='ocr_line' id='line_1_2' title="bbox 122 360 1119 439; baseline -0.001 -17"><span class='ocrx_word' id='word_1_8' title='bbox 122 362 198 422; x_wconf 90' lang='lat' dir='ltr'><strong>idem</strong></span> <span class='ocrx_word' id='word_1_9' title='bbox 209 360 394 422; x_wconf 89' lang='lat' dir='ltr'><strong>Xenocrates</strong></span> <span class='ocrx_word' id='word_1_10' title='bbox 407 361 504 436; x_wconf 79' lang='lat' dir='ltr'><strong>tradit,</strong></span> <span class='ocrx_word' id='word_1_11' title='bbox 517 361 696 420; x_wconf 80' lang='lat' dir='ltr'><strong>torrentibus</strong></span> <span class='ocrx_word' id='word_1_12' title='bbox 709 379 800 439; x_wconf 82' lang='lat' dir='ltr'><strong>saepe</strong></span> <span class='ocrx_word' id='word_1_13' title='bbox 812 361 972 439; x_wconf 85' lang='lat' dir='ltr'><strong>deportari.</strong></span> <span class='ocrx_word' id='word_1_14' title='bbox 995 360 1119 422; x_wconf 76' lang='lat' dir='ltr'>Sudines</span> 
     </span>
     <span class='ocr_line' id='line_1_3' title="bbox 122 443 1120 522; baseline -0.003 -18"><span class='ocrx_word' id='word_1_15' title='bbox 122 452 210 521; x_wconf 83' lang='lat' dir='ltr'><strong>negat</strong></span> <span class='ocrx_word' id='word_1_16' title='bbox 222 446 278 504; x_wconf 87' lang='lat' dir='ltr'><strong>nisi</strong></span> <span class='ocrx_word' id='word_1_17' title='bbox 294 445 329 505; x_wconf 91' lang='lat' dir='ltr'><strong>ad</strong></span> <span class='ocrx_word' id='word_1_18' title='bbox 340 444 489 504; x_wconf 80' lang='lat' dir='ltr'><strong>meridiem</strong></span> <span class='ocrx_word' id='word_1_19' title='bbox 502 444 701 522; x_wconf 71' lang='lat' dir='ltr'><strong>spectantibus</strong></span> <span class='ocrx_word' id='word_1_20' title='bbox 716 445 789 504; x_wconf 88' lang='lat' dir='ltr'><strong>loeis</strong></span> <span class='ocrx_word' id='word_1_21' title='bbox 804 446 900 519; x_wconf 89' lang='lat' dir='ltr'><strong>nasei,</strong></span> <span class='ocrx_word' id='word_1_22' title='bbox 915 443 992 522; x_wconf 94' lang='lat' dir='ltr'><strong>quod</strong></span> <span class='ocrx_word' id='word_1_23' title='bbox 1009 453 1120 504; x_wconf 88' lang='lat' dir='ltr'><strong>certum</strong></span> 
     </span>
     <span class='ocr_line' id='line_1_4' title="bbox 123 527 1119 606; baseline -0.001 -18"><span class='ocrx_word' id='word_1_24' title='bbox 123 537 177 588; x_wconf 89' lang='lat' dir='ltr'><strong>est.</strong></span> <span class='ocrx_word' id='word_1_25' title='bbox 213 545 272 587; x_wconf 91' lang='lat' dir='ltr'><strong>non</strong></span> <span class='ocrx_word' id='word_1_26' title='bbox 294 530 443 606; x_wconf 89' lang='lat' dir='ltr'><strong>reperitur</strong></span> <span class='ocrx_word' id='word_1_27' title='bbox 459 528 622 604; x_wconf 92' lang='lat' dir='ltr'><strong>inaquosis</strong></span> <span class='ocrx_word' id='word_1_28' title='bbox 646 527 736 603; x_wconf 89' lang='lat' dir='ltr'><strong>loeis,</strong></span> <span class='ocrx_word' id='word_1_29' title='bbox 762 545 929 606; x_wconf 90' lang='lat' dir='ltr'><strong>quamquam</strong></span> <span class='ocrx_word' id='word_1_30' title='bbox 950 529 979 587; x_wconf 96' lang='lat' dir='ltr'><strong>in</strong></span> <span class='ocrx_word' id='word_1_31' title='bbox 995 529 1119 604; x_wconf 90' lang='lat' dir='ltr'><strong>regione</strong></span> 
     </span>
     <span class='ocr_line' id='line_1_5' title="bbox 123 610 1162 690; baseline 0.006 -20"><span class='ocrx_word' id='word_1_32' title='bbox 123 611 311 690; x_wconf 80' lang='lat' dir='ltr'><strong>praegelida,</strong></span> <span class='ocrx_word' id='word_1_33' title='bbox 328 611 375 670; x_wconf 90' lang='lat' dir='ltr'><strong>vel</strong></span> <span class='ocrx_word' id='word_1_34' title='bbox 385 612 409 670; x_wconf 93' lang='lat' dir='ltr'><strong>si</strong></span> <span class='ocrx_word' id='word_1_35' title='bbox 425 610 459 670; x_wconf 88' lang='lat' dir='ltr'><strong>ad</strong></span> <span class='ocrx_word' id='word_1_36' title='bbox 469 611 540 670; x_wconf 89' lang='lat' dir='ltr'><strong>vada</strong></span> <span class='ocrx_word' id='word_1_37' title='bbox 553 627 644 686; x_wconf 90' lang='lat' dir='ltr'><strong>usque</strong></span> <span class='ocrx_word' id='word_1_38' title='bbox 658 611 821 687; x_wconf 79' lang='lat' dir='ltr'><strong>glacientur</strong></span> <span class='ocrx_word' id='word_1_39' title='bbox 832 629 939 671; x_wconf 89' lang='lat' dir='ltr'><strong>amnes.</strong></span> <span class='ocrx_word' id='word_1_40' title='bbox 966 630 982 670; x_wconf 88' lang='lat' dir='ltr'><strong>e</strong></span> <span class='ocrx_word' id='word_1_41' title='bbox 995 611 1115 671; x_wconf 88' lang='lat' dir='ltr'><strong>caelesti</strong></span> <span class='ocrx_word' id='word_1_42' title='bbox 1128 621 1162 676; x_wconf 79' lang='lat'><strong>26</strong></span> 
     </span>
     <span class='ocr_line' id='line_1_6' title="bbox 99 693 1120 773; baseline 0.002 -22"><span class='ocrx_word' id='word_1_43' title='bbox 99 711 222 754; x_wconf 81' lang='lat' dir='ltr'><strong>sumone</strong></span> <span class='ocrx_word' id='word_1_44' title='bbox 248 711 377 773; x_wconf 89' lang='lat' dir='ltr'><strong>puraque</strong></span> <span class='ocrx_word' id='word_1_45' title='bbox 397 694 464 756; x_wconf 85' lang='lat' dir='ltr'><strong>nive</strong></span> <span class='ocrx_word' id='word_1_46' title='bbox 485 693 514 754; x_wconf 94' lang='lat' dir='ltr'><strong>id</strong></span> <span class='ocrx_word' id='word_1_47' title='bbox 538 693 601 752; x_wconf 90' lang='lat' dir='ltr'><strong>lieri</strong></span> <span class='ocrx_word' id='word_1_48' title='bbox 617 713 742 754; x_wconf 89' lang='lat' dir='ltr'><strong>necesse</strong></span> <span class='ocrx_word' id='word_1_49' title='bbox 757 703 821 770; x_wconf 89' lang='lat' dir='ltr'><strong>est,</strong></span> <span class='ocrx_word' id='word_1_50' title='bbox 836 694 903 755; x_wconf 93' lang='lat' dir='ltr'><strong>ideo</strong></span> <span class='ocrx_word' id='word_1_51' title='bbox 919 694 1025 754; x_wconf 89' lang='lat' dir='ltr'><strong>caloris</strong></span> <span class='ocrx_word' id='word_1_52' title='bbox 1041 696 1120 773; x_wconf 91' lang='lat' dir='ltr'><strong>iupa-</strong></span> 
     </span>
     <span class='ocr_line' id='line_1_7' title="bbox 122 778 1119 856; baseline 0.003 -21"><span class='ocrx_word' id='word_1_53' title='bbox 122 779 198 837; x_wconf 91' lang='lat' dir='ltr'><strong>tiens</strong></span> <span class='ocrx_word' id='word_1_54' title='bbox 213 779 268 837; x_wconf 93' lang='lat' dir='ltr'><strong>nisi</strong></span> <span class='ocrx_word' id='word_1_55' title='bbox 278 780 306 837; x_wconf 94' lang='lat' dir='ltr'><strong>iu</strong></span> <span class='ocrx_word' id='word_1_56' title='bbox 318 778 426 850; x_wconf 84' lang='lat' dir='ltr'><strong>frigido</strong></span> <span class='ocrx_word' id='word_1_57' title='bbox 437 787 506 850; x_wconf 88' lang='lat' dir='ltr'><strong>potu</strong></span> <span class='ocrx_word' id='word_1_58' title='bbox 519 779 674 838; x_wconf 89' lang='lat' dir='ltr'><strong>abdicatur.</strong></span> <span class='ocrx_word' id='word_1_59' title='bbox 698 795 787 856; x_wconf 91' lang='lat' dir='ltr'><strong>quare</strong></span> <span class='ocrx_word' id='word_1_60' title='bbox 803 785 936 838; x_wconf 90' lang='lat' dir='ltr'><strong>nascatur</strong></span> <span class='ocrx_word' id='word_1_61' title='bbox 952 778 1119 854; x_wconf 82' lang='lat' dir='ltr'><strong>sexangulis</strong></span> 
     </span>
     <span class='ocr_line' id='line_1_8' title="bbox 121 857 1118 939; baseline 0 -19"><span class='ocrx_word' id='word_1_62' title='bbox 121 859 280 936; x_wconf 87' lang='lat' dir='ltr'><strong>lateribus,</strong></span> <span class='ocrx_word' id='word_1_63' title='bbox 295 877 353 918; x_wconf 92' lang='lat' dir='ltr'><strong>uon</strong></span> <span class='ocrx_word' id='word_1_64' title='bbox 368 857 454 918; x_wconf 85' lang='lat' dir='ltr'><strong>lacilc</strong></span> <span class='ocrx_word' id='word_1_65' title='bbox 469 860 543 918; x_wconf 92' lang='lat' dir='ltr'><strong>ratio</strong></span> <span class='ocrx_word' id='word_1_66' title='bbox 559 860 623 918; x_wconf 92' lang='lat' dir='ltr'><strong>iniri</strong></span> <span class='ocrx_word' id='word_1_67' title='bbox 640 868 757 938; x_wconf 87' lang='lat' dir='ltr'><strong>potest,</strong></span> <span class='ocrx_word' id='word_1_68' title='bbox 773 879 810 920; x_wconf 91' lang='lat' dir='ltr'><strong>eo</strong></span> <span class='ocrx_word' id='word_1_69' title='bbox 823 862 914 937; x_wconf 91' lang='lat' dir='ltr'><strong>magis</strong></span> <span class='ocrx_word' id='word_1_70' title='bbox 930 859 1007 938; x_wconf 96' lang='lat' dir='ltr'><strong>quod</strong></span> <span class='ocrx_word' id='word_1_71' title='bbox 1022 879 1118 939; x_wconf 89' lang='lat' dir='ltr'><strong>neque</strong></span> 
     </span>
     <span class='ocr_line' id='line_1_9' title="bbox 120 941 1119 1020; baseline -0.001 -18"><span class='ocrx_word' id='word_1_72' title='bbox 120 944 150 1002; x_wconf 91' lang='lat' dir='ltr'><strong>iu</strong></span> <span class='ocrx_word' id='word_1_73' title='bbox 176 943 361 1003; x_wconf 86' lang='lat' dir='ltr'><strong>mucronibus</strong></span> <span class='ocrx_word' id='word_1_74' title='bbox 385 941 486 1001; x_wconf 89' lang='lat' dir='ltr'><strong>eadem</strong></span> <span class='ocrx_word' id='word_1_75' title='bbox 505 943 622 1020; x_wconf 88' lang='lat' dir='ltr'><strong>species</strong></span> <span class='ocrx_word' id='word_1_76' title='bbox 646 951 692 1002; x_wconf 90' lang='lat' dir='ltr'><strong>cst</strong></span> <span class='ocrx_word' id='word_1_77' title='bbox 716 946 804 1004; x_wconf 92' lang='lat' dir='ltr'><strong>etita</strong></span> <span class='ocrx_word' id='word_1_78' title='bbox 825 943 975 1003; x_wconf 93' lang='lat' dir='ltr'><strong>absolutus</strong></span> <span class='ocrx_word' id='word_1_79' title='bbox 998 944 1119 1004; x_wconf 89' lang='lat' dir='ltr'><strong>laterum</strong></span> 
     </span>
     <span class='ocr_line' id='line_1_10' title="bbox 121 1024 783 1104; baseline 0.002 -20"><span class='ocrx_word' id='word_1_80' title='bbox 121 1025 206 1085; x_wconf 84' lang='lat' dir='ltr'><strong>levor</strong></span> <span class='ocrx_word' id='word_1_81' title='bbox 221 1034 266 1086; x_wconf 89' lang='lat' dir='ltr'><strong>est</strong></span> <span class='ocrx_word' id='word_1_82' title='bbox 284 1033 314 1084; x_wconf 91' lang='lat' dir='ltr'><strong>ut</strong></span> <span class='ocrx_word' id='word_1_83' title='bbox 330 1025 407 1084; x_wconf 92' lang='lat' dir='ltr'><strong>nulla</strong></span> <span class='ocrx_word' id='word_1_84' title='bbox 423 1024 451 1085; x_wconf 91' lang='lat' dir='ltr'><strong>id</strong></span> <span class='ocrx_word' id='word_1_85' title='bbox 467 1033 529 1084; x_wconf 89' lang='lat' dir='ltr'><strong>arte</strong></span> <span class='ocrx_word' id='word_1_86' title='bbox 547 1027 641 1103; x_wconf 90' lang='lat' dir='ltr'><strong>possit</strong></span> <span class='ocrx_word' id='word_1_87' title='bbox 656 1029 783 1104; x_wconf 90' lang='lat' dir='ltr'><strong>aequari.</strong></span> 
     </span>
     <span class='ocr_line' id='line_1_11' title="bbox 85 1107 1160 1187; baseline 0.003 -16"><span class='ocrx_word' id='word_1_88' title='bbox 85 1131 111 1171; x_wconf 79' lang='lat' dir='ltr'><strong>ro</strong></span> <span class='ocrx_word' id='word_1_89' title='bbox 185 1108 266 1186; x_wconf 83' lang='lat' dir='ltr'><strong>(ld.)</strong></span> <span class='ocrx_word' id='word_1_90' title='bbox 284 1107 452 1184; x_wconf 83' lang='lat' dir='ltr'><strong>Magnitudo</strong></span> <span class='ocrx_word' id='word_1_91' title='bbox 464 1108 645 1187; x_wconf 86' lang='lat' dir='ltr'><strong>&#39;amplissima</strong></span> <span class='ocrx_word' id='word_1_92' title='bbox 663 1109 754 1169; x_wconf 88' lang='lat' dir='ltr'><strong>adhuc</strong></span> <span class='ocrx_word' id='word_1_93' title='bbox 768 1111 830 1170; x_wconf 92' lang='lat' dir='ltr'><strong>visa</strong></span> <span class='ocrx_word' id='word_1_94' title='bbox 850 1110 935 1171; x_wconf 91' lang='lat' dir='ltr'><strong>uobis</strong></span> <span class='ocrx_word' id='word_1_95' title='bbox 954 1118 1017 1170; x_wconf 89' lang='lat' dir='ltr'><strong>erat</strong></span> <span class='ocrx_word' id='word_1_96' title='bbox 1032 1126 1115 1187; x_wconf 90' lang='lat' dir='ltr'><strong>quam</strong></span> <span class='ocrx_word' id='word_1_97' title='bbox 1126 1118 1160 1174; x_wconf 78' lang='lat' dir='ltr'><strong>at</strong></span> 
     </span>
     <span class='ocr_line' id='line_1_12' title="bbox 120 1189 1116 1270; baseline 0.003 -20"><span class='ocrx_word' id='word_1_98' title='bbox 120 1194 150 1251; x_wconf 93' lang='lat' dir='ltr'><strong>iu</strong></span> <span class='ocrx_word' id='word_1_99' title='bbox 174 1189 321 1270; x_wconf 83' lang='lat' dir='ltr'><strong>Capitolio</strong></span> <span class='ocrx_word' id='word_1_100' title='bbox 334 1190 414 1251; x_wconf 90' lang='lat' dir='ltr'><strong>Livia</strong></span> <span class='ocrx_word' id='word_1_101' title='bbox 431 1192 562 1269; x_wconf 79' lang='lat' dir='ltr'><strong>Augusta</strong></span> <span class='ocrx_word' id='word_1_102' title='bbox 582 1192 744 1268; x_wconf 82' lang='lat' dir='ltr'><strong>dicaverat,</strong></span> <span class='ocrx_word' id='word_1_103' title='bbox 768 1193 904 1254; x_wconf 90' lang='lat' dir='ltr'><strong>librarum</strong></span> <span class='ocrx_word' id='word_1_104' title='bbox 925 1194 1044 1254; x_wconf 89' lang='lat' dir='ltr'><strong>circiter</strong></span> <span class='ocrx_word' id='word_1_105' title='bbox 1060 1189 1116 1253; x_wconf 79' lang='lat' dir='ltr'><strong>CL.</strong></span> 
     </span>
     <span class='ocr_line' id='line_1_13' title="bbox 120 1273 1150 1355; baseline -0.004 -21"><span class='ocrx_word' id='word_1_106' title='bbox 120 1273 305 1335; x_wconf 87' lang='lat' dir='ltr'><strong>Xenocrates</strong></span> <span class='ocrx_word' id='word_1_107' title='bbox 328 1274 403 1335; x_wconf 90' lang='lat' dir='ltr'><strong>idem</strong></span> <span class='ocrx_word' id='word_1_108' title='bbox 425 1283 526 1335; x_wconf 92' lang='lat' dir='ltr'><strong>auctor</strong></span> <span class='ocrx_word' id='word_1_109' title='bbox 549 1284 594 1335; x_wconf 91' lang='lat' dir='ltr'><strong>est</strong></span> <span class='ocrx_word' id='word_1_110' title='bbox 616 1293 666 1335; x_wconf 86' lang='lat' dir='ltr'><strong>vas</strong></span> <span class='ocrx_word' id='word_1_111' title='bbox 688 1276 853 1355; x_wconf 88' lang='lat' dir='ltr'><strong>amphorale</strong></span> <span class='ocrx_word' id='word_1_112' title='bbox 881 1279 990 1353; x_wconf 84' lang='lat' dir='ltr'><strong>visum,</strong></span> <span class='ocrx_word' id='word_1_113' title='bbox 1017 1285 1047 1336; x_wconf 89' lang='lat' dir='ltr'><strong>et</strong></span> <span class='ocrx_word' id='word_1_114' title='bbox 1068 1274 1150 1334; x_wconf 78' lang='lat' dir='ltr'><strong>ali-aa</strong></span> 
     </span>
     <span class='ocr_line' id='line_1_14' title="bbox 121 1358 1118 1438; baseline 0 -21"><span class='ocrx_word' id='word_1_115' title='bbox 121 1361 168 1436; x_wconf 92' lang='lat' dir='ltr'><strong>qui</strong></span> <span class='ocrx_word' id='word_1_116' title='bbox 192 1377 230 1418; x_wconf 81' lang='lat' dir='ltr'><strong>ex</strong></span> <span class='ocrx_word' id='word_1_117' title='bbox 252 1358 331 1419; x_wconf 92' lang='lat' dir='ltr'><strong>ludia</strong></span> <span class='ocrx_word' id='word_1_118' title='bbox 351 1360 546 1418; x_wconf 83' lang='lat' dir='ltr'><strong>sextariorum</strong></span> <span class='ocrx_word' id='word_1_119' title='bbox 567 1366 712 1436; x_wconf 90' lang='lat' dir='ltr'><strong>quattuor.</strong></span> <span class='ocrx_word' id='word_1_120' title='bbox 752 1380 806 1425; x_wconf 91' lang='lat' dir='ltr'><strong>nos</strong></span> <span class='ocrx_word' id='word_1_121' title='bbox 831 1360 940 1438; x_wconf 92' lang='lat' dir='ltr'><strong>liquido</strong></span> <span class='ocrx_word' id='word_1_122' title='bbox 967 1359 1118 1419; x_wconf 83' lang='lat' dir='ltr'><strong>adfirmare</strong></span> 
     </span>
     <span class='ocr_line' id='line_1_15' title="bbox 121 1440 1118 1520; baseline 0 -20"><span class='ocrx_word' id='word_1_123' title='bbox 121 1459 274 1519; x_wconf 92' lang='lat' dir='ltr'><strong>possumus</strong></span> <span class='ocrx_word' id='word_1_124' title='bbox 290 1442 319 1499; x_wconf 91' lang='lat' dir='ltr'><strong>in</strong></span> <span class='ocrx_word' id='word_1_125' title='bbox 336 1442 466 1500; x_wconf 92' lang='lat' dir='ltr'><strong>cautibus</strong></span> <span class='ocrx_word' id='word_1_126' title='bbox 482 1440 597 1518; x_wconf 79' lang='lat' dir='ltr'><strong>Alpium</strong></span> <span class='ocrx_word' id='word_1_127' title='bbox 615 1444 694 1501; x_wconf 89' lang='lat' dir='ltr'><strong>nasci</strong></span> <span class='ocrx_word' id='word_1_128' title='bbox 709 1443 783 1502; x_wconf 90' lang='lat' dir='ltr'><strong>adeo</strong></span> <span class='ocrx_word' id='word_1_129' title='bbox 797 1445 882 1502; x_wconf 89' lang='lat' dir='ltr'><strong>inviis</strong></span> <span class='ocrx_word' id='word_1_130' title='bbox 897 1443 1068 1520; x_wconf 90' lang='lat' dir='ltr'><strong>plerumque</strong></span> <span class='ocrx_word' id='word_1_131' title='bbox 1087 1450 1118 1500; x_wconf 91' lang='lat' dir='ltr'><strong>ut</strong></span> 
     </span>
     <span class='ocr_line' id='line_1_16' title="bbox 85 1523 1118 1602; baseline -0.004 -16"><span class='ocrx_word' id='word_1_132' title='bbox 85 1545 109 1586; x_wconf 86' lang='lat' dir='ltr'><strong>1u</strong></span> <span class='ocrx_word' id='word_1_133' title='bbox 119 1525 188 1584; x_wconf 83' lang='lat' dir='ltr'><strong>lune</strong></span> <span class='ocrx_word' id='word_1_134' title='bbox 209 1524 370 1601; x_wconf 88' lang='lat' dir='ltr'><strong>pendentes</strong></span> <span class='ocrx_word' id='word_1_135' title='bbox 392 1541 453 1583; x_wconf 91' lang='lat' dir='ltr'><strong>eam</strong></span> <span class='ocrx_word' id='word_1_136' title='bbox 473 1523 634 1582; x_wconf 83' lang='lat' dir='ltr'><strong>extrahant.</strong></span> <span class='ocrx_word' id='word_1_137' title='bbox 664 1527 767 1601; x_wconf 87' lang='lat' dir='ltr'><strong>peritis</strong></span> <span class='ocrx_word' id='word_1_138' title='bbox 783 1528 866 1602; x_wconf 91' lang='lat' dir='ltr'><strong>sigua</strong></span> <span class='ocrx_word' id='word_1_139' title='bbox 885 1535 914 1584; x_wconf 91' lang='lat' dir='ltr'><strong>et</strong></span> <span class='ocrx_word' id='word_1_140' title='bbox 930 1524 1034 1585; x_wconf 88' lang='lat' dir='ltr'><strong>indicia</strong></span> <span class='ocrx_word' id='word_1_141' title='bbox 1050 1532 1118 1584; x_wconf 92' lang='lat' dir='ltr'><strong>uota</strong></span> 
     </span>
     <span class='ocr_line' id='line_1_17' title="bbox 119 1605 1161 1684; baseline 0.008 -20"><span class='ocrx_word' id='word_1_142' title='bbox 119 1614 195 1666; x_wconf 88' lang='lat' dir='ltr'><strong>sunt.</strong></span> <span class='ocrx_word' id='word_1_143' title='bbox 227 1606 399 1665; x_wconf 83' lang='lat' dir='ltr'><strong>infestantur</strong></span> <span class='ocrx_word' id='word_1_144' title='bbox 415 1605 552 1684; x_wconf 90' lang='lat' dir='ltr'><strong>plurumis</strong></span> <span class='ocrx_word' id='word_1_145' title='bbox 569 1607 658 1682; x_wconf 84' lang='lat' dir='ltr'><strong>vitiis,</strong></span> <span class='ocrx_word' id='word_1_146' title='bbox 673 1607 778 1667; x_wconf 89' lang='lat' dir='ltr'><strong>scabro</strong></span> <span class='ocrx_word' id='word_1_147' title='bbox 796 1610 950 1684; x_wconf 82' lang='lat' dir='ltr'><strong>ferumine,</strong></span> <span class='ocrx_word' id='word_1_148' title='bbox 968 1607 1114 1668; x_wconf 87' lang='lat' dir='ltr'><strong>maculosa</strong></span> <span class='ocrx_word' id='word_1_149' title='bbox 1126 1617 1161 1672; x_wconf 73' lang='lat'><strong>28</strong></span> 
     </span>
     <span class='ocr_line' id='line_1_18' title="bbox 120 1688 1116 1770; baseline 0.002 -22"><span class='ocrx_word' id='word_1_150' title='bbox 120 1690 214 1767; x_wconf 89' lang='lat' dir='ltr'><strong>nube,</strong></span> <span class='ocrx_word' id='word_1_151' title='bbox 230 1688 342 1749; x_wconf 91' lang='lat' dir='ltr'><strong>occulta</strong></span> <span class='ocrx_word' id='word_1_152' title='bbox 358 1689 510 1766; x_wconf 90' lang='lat' dir='ltr'><strong>aliquando</strong></span> <span class='ocrx_word' id='word_1_153' title='bbox 528 1690 657 1764; x_wconf 90' lang='lat' dir='ltr'><strong>vomica,</strong></span> <span class='ocrx_word' id='word_1_154' title='bbox 675 1690 819 1767; x_wconf 86' lang='lat' dir='ltr'><strong>praeduro</strong></span> <span class='ocrx_word' id='word_1_155' title='bbox 839 1691 995 1770; x_wconf 83' lang='lat' dir='ltr'><strong>fragilique</strong></span> <span class='ocrx_word' id='word_1_156' title='bbox 1013 1699 1116 1751; x_wconf 90' lang='lat' dir='ltr'><strong>centro</strong></span> 
     </span>
     <span class='ocr_line' id='line_1_19' title="bbox 119 1772 1118 1854; baseline 0.001 -23"><span class='ocrx_word' id='word_1_157' title='bbox 119 1774 190 1831; x_wconf 90' lang='lat' dir='ltr'><strong>item</strong></span> <span class='ocrx_word' id='word_1_158' title='bbox 212 1772 273 1832; x_wconf 88' lang='lat' dir='ltr'><strong>sale</strong></span> <span class='ocrx_word' id='word_1_159' title='bbox 290 1772 448 1851; x_wconf 87' lang='lat' dir='ltr'><strong>appellato.</strong></span> <span class='ocrx_word' id='word_1_160' title='bbox 480 1780 525 1832; x_wconf 92' lang='lat' dir='ltr'><strong>est</strong></span> <span class='ocrx_word' id='word_1_161' title='bbox 542 1781 571 1832; x_wconf 96' lang='lat' dir='ltr'><strong>et</strong></span> <span class='ocrx_word' id='word_1_162' title='bbox 587 1773 649 1832; x_wconf 89' lang='lat' dir='ltr'><strong>ruia</strong></span> <span class='ocrx_word' id='word_1_163' title='bbox 672 1773 757 1834; x_wconf 88' lang='lat' dir='ltr'><strong>alicui</strong></span> <span class='ocrx_word' id='word_1_164' title='bbox 774 1775 897 1851; x_wconf 91' lang='lat' dir='ltr'><strong>robigo,</strong></span> <span class='ocrx_word' id='word_1_165' title='bbox 920 1775 984 1836; x_wconf 89' lang='lat' dir='ltr'><strong>aliis</strong></span> <span class='ocrx_word' id='word_1_166' title='bbox 1001 1774 1118 1854; x_wconf 90' lang='lat' dir='ltr'><strong>capilla-</strong></span> 
     </span>
     <span class='ocr_line' id='line_1_20' title="bbox 119 1854 1116 1937; baseline 0.003 -23"><span class='ocrx_word' id='word_1_167' title='bbox 119 1864 244 1916; x_wconf 89' lang='lat' dir='ltr'><strong>mentum</strong></span> <span class='ocrx_word' id='word_1_168' title='bbox 256 1857 344 1916; x_wconf 89' lang='lat' dir='ltr'><strong>rimae</strong></span> <span class='ocrx_word' id='word_1_169' title='bbox 359 1855 462 1916; x_wconf 92' lang='lat' dir='ltr'><strong>simile.</strong></span> <span class='ocrx_word' id='word_1_170' title='bbox 489 1854 545 1916; x_wconf 88' lang='lat' dir='ltr'><strong>boc</strong></span> <span class='ocrx_word' id='word_1_171' title='bbox 555 1857 681 1916; x_wconf 87' lang='lat' dir='ltr'><strong>artifices</strong></span> <span class='ocrx_word' id='word_1_172' title='bbox 699 1857 845 1918; x_wconf 86' lang='lat' dir='ltr'><strong>caelatura</strong></span> <span class='ocrx_word' id='word_1_173' title='bbox 861 1859 1015 1918; x_wconf 85' lang='lat' dir='ltr'><strong>occultant.</strong></span> <span class='ocrx_word' id='word_1_174' title='bbox 1042 1875 1116 1937; x_wconf 90' lang='lat' dir='ltr'><strong>quae</strong></span> 
     </span>
     <span class='ocr_line' id='line_1_21' title="bbox 84 1940 1116 2020; baseline 0.004 -24"><span class='ocrx_word' id='word_1_175' title='bbox 84 1954 192 1999; x_wconf 78' lang='lat' dir='ltr'><strong>mucro</strong></span> <span class='ocrx_word' id='word_1_176' title='bbox 208 1941 272 2000; x_wconf 90' lang='lat' dir='ltr'><strong>sine</strong></span> <span class='ocrx_word' id='word_1_177' title='bbox 290 1941 360 2000; x_wconf 86' lang='lat' dir='ltr'><strong>vitio</strong></span> <span class='ocrx_word' id='word_1_178' title='bbox 377 1941 434 1999; x_wconf 90' lang='lat' dir='ltr'><strong>sint</strong></span> <span class='ocrx_word' id='word_1_179' title='bbox 451 1957 537 2017; x_wconf 90' lang='lat' dir='ltr'><strong>puras</strong></span> <span class='ocrx_word' id='word_1_180' title='bbox 553 1958 621 1998; x_wconf 90' lang='lat' dir='ltr'><strong>esse</strong></span> <span class='ocrx_word' id='word_1_181' title='bbox 636 1940 759 2016; x_wconf 90' lang='lat' dir='ltr'><strong>malunt,</strong></span> <span class='ocrx_word' id='word_1_182' title='bbox 775 1950 907 2001; x_wconf 86' lang='lat' dir='ltr'><strong>acenteta</strong></span> <span class='ocrx_word' id='word_1_183' title='bbox 923 1940 1116 2020; x_wconf 88' lang='lat' dir='ltr'><strong>appellantes,</strong></span> 
     </span>
     <span class='ocr_line' id='line_1_22' title="bbox 119 2022 1140 2103; baseline 0.001 -22"><span class='ocrx_word' id='word_1_184' title='bbox 119 2041 174 2083; x_wconf 92' lang='lat' dir='ltr'><strong>uec</strong></span> <span class='ocrx_word' id='word_1_185' title='bbox 192 2027 302 2101; x_wconf 88' lang='lat' dir='ltr'><strong>spumei</strong></span> <span class='ocrx_word' id='word_1_186' title='bbox 322 2023 432 2084; x_wconf 86' lang='lat' dir='ltr'><strong>coloris</strong></span> <span class='ocrx_word' id='word_1_187' title='bbox 448 2022 500 2084; x_wconf 90' lang='lat' dir='ltr'><strong>sed</strong></span> <span class='ocrx_word' id='word_1_188' title='bbox 518 2023 651 2102; x_wconf 90' lang='lat' dir='ltr'><strong>limpidae</strong></span> <span class='ocrx_word' id='word_1_189' title='bbox 669 2042 770 2102; x_wconf 88' lang='lat' dir='ltr'><strong>aquae.</strong></span> <span class='ocrx_word' id='word_1_190' title='bbox 797 2034 944 2103; x_wconf 92' lang='lat' dir='ltr'><strong>postrema</strong></span> <span class='ocrx_word' id='word_1_191' title='bbox 958 2026 1116 2085; x_wconf 88' lang='lat' dir='ltr'><strong>auctoritas</strong></span> <span class='ocrx_word' id='word_1_192' title='bbox 1137 2071 1140 2075; x_wconf 92' lang='lat'>.</span> 
     </span>
     <span class='ocr_line' id='line_1_23' title="bbox 119 2105 1117 2187; baseline 0.002 -23"><span class='ocrx_word' id='word_1_193' title='bbox 119 2108 147 2165; x_wconf 92' lang='lat' dir='ltr'><strong>in</strong></span> <span class='ocrx_word' id='word_1_194' title='bbox 177 2105 308 2183; x_wconf 90' lang='lat' dir='ltr'><strong>pondere</strong></span> <span class='ocrx_word' id='word_1_195' title='bbox 336 2114 390 2166; x_wconf 88' lang='lat' dir='ltr'><strong>est.</strong></span> <span class='ocrx_word' id='word_1_196' title='bbox 431 2107 548 2165; x_wconf 85' lang='lat' dir='ltr'><strong>invenio</strong></span> <span class='ocrx_word' id='word_1_197' title='bbox 578 2107 652 2185; x_wconf 93' lang='lat' dir='ltr'><strong>apud</strong></span> <span class='ocrx_word' id='word_1_198' title='bbox 676 2107 805 2168; x_wconf 89' lang='lat' dir='ltr'><strong>medicos</strong></span> <span class='ocrx_word' id='word_1_199' title='bbox 831 2127 905 2187; x_wconf 92' lang='lat' dir='ltr'><strong>quae</strong></span> <span class='ocrx_word' id='word_1_200' title='bbox 929 2110 987 2168; x_wconf 91' lang='lat' dir='ltr'><strong>sint</strong></span> <span class='ocrx_word' id='word_1_201' title='bbox 1008 2106 1117 2167; x_wconf 87' lang='lat' dir='ltr'><strong>urenda</strong></span> 
     </span>
     <span class='ocr_line' id='line_1_24' title="bbox 119 2189 1116 2270; baseline 0.001 -22"><span class='ocrx_word' id='word_1_202' title='bbox 119 2206 274 2265; x_wconf 91' lang='lat' dir='ltr'><strong>corporum</strong></span> <span class='ocrx_word' id='word_1_203' title='bbox 298 2205 355 2247; x_wconf 92' lang='lat' dir='ltr'><strong>uon</strong></span> <span class='ocrx_word' id='word_1_204' title='bbox 375 2189 460 2248; x_wconf 91' lang='lat' dir='ltr'><strong>aliter</strong></span> <span class='ocrx_word' id='word_1_205' title='bbox 484 2189 581 2248; x_wconf 92' lang='lat' dir='ltr'><strong>utilius</strong></span> <span class='ocrx_word' id='word_1_206' title='bbox 607 2193 650 2249; x_wconf 91' lang='lat' dir='ltr'><strong>uri</strong></span> <span class='ocrx_word' id='word_1_207' title='bbox 671 2193 763 2269; x_wconf 90' lang='lat' dir='ltr'><strong>putari</strong></span> <span class='ocrx_word' id='word_1_208' title='bbox 779 2210 863 2270; x_wconf 91' lang='lat' dir='ltr'><strong>quam</strong></span> <span class='ocrx_word' id='word_1_209' title='bbox 877 2191 1043 2269; x_wconf 77' lang='lat' dir='ltr'><strong>crystallina</strong></span> <span class='ocrx_word' id='word_1_210' title='bbox 1057 2190 1116 2270; x_wconf 89' lang='lat' dir='ltr'><strong>pila</strong></span> 
     </span>
     <span class='ocr_line' id='line_1_25' title="bbox 118 2271 1158 2351; baseline 0.008 -21"><span class='ocrx_word' id='word_1_211' title='bbox 118 2272 250 2331; x_wconf 89' lang='lat' dir='ltr'><strong>adversis</strong></span> <span class='ocrx_word' id='word_1_212' title='bbox 267 2273 402 2348; x_wconf 88' lang='lat' dir='ltr'><strong>opposita</strong></span> <span class='ocrx_word' id='word_1_213' title='bbox 425 2271 496 2328; x_wconf 93' lang='lat' dir='ltr'><strong>solis</strong></span> <span class='ocrx_word' id='word_1_214' title='bbox 512 2271 610 2332; x_wconf 89' lang='lat' dir='ltr'><strong>radiis.</strong></span> <span class='ocrx_word' id='word_1_215' title='bbox 637 2273 711 2332; x_wconf 89' lang='lat' dir='ltr'><strong>alius</strong></span> <span class='ocrx_word' id='word_1_216' title='bbox 727 2282 757 2334; x_wconf 89' lang='lat' dir='ltr'><strong>et</strong></span> <span class='ocrx_word' id='word_1_217' title='bbox 773 2277 803 2334; x_wconf 94' lang='lat' dir='ltr'><strong>iu</strong></span> <span class='ocrx_word' id='word_1_218' title='bbox 818 2275 862 2334; x_wconf 93' lang='lat' dir='ltr'><strong>his</strong></span> <span class='ocrx_word' id='word_1_219' title='bbox 879 2276 978 2351; x_wconf 83' lang='lat' dir='ltr'><strong>furor,</strong></span> <span class='ocrx_word' id='word_1_220' title='bbox 999 2284 1113 2335; x_wconf 91' lang='lat' dir='ltr'><strong>centum</strong></span> <span class='ocrx_word' id='word_1_221' title='bbox 1124 2284 1158 2338; x_wconf 79' lang='lat'><strong>29</strong></span> 
     </span>
     <span class='ocr_line' id='line_1_26' title="bbox 83 2353 1113 2431; baseline 0.001 -17"><span class='ocrx_word' id='word_1_222' title='bbox 83 2355 322 2431; x_wconf 81' lang='lat' dir='ltr'><strong>asquinquaginta</strong></span> <span class='ocrx_word' id='word_1_223' title='bbox 344 2353 458 2412; x_wconf 93' lang='lat' dir='ltr'><strong>milibus</strong></span> <span class='ocrx_word' id='word_1_224' title='bbox 489 2353 602 2413; x_wconf 92' lang='lat' dir='ltr'><strong>trullam</strong></span> <span class='ocrx_word' id='word_1_225' title='bbox 623 2374 706 2415; x_wconf 92' lang='lat' dir='ltr'><strong>unam</strong></span> <span class='ocrx_word' id='word_1_226' title='bbox 726 2373 784 2416; x_wconf 91' lang='lat' dir='ltr'><strong>nou</strong></span> <span class='ocrx_word' id='word_1_227' title='bbox 805 2366 872 2418; x_wconf 88' lang='lat' dir='ltr'><strong>aute</strong></span> <span class='ocrx_word' id='word_1_228' title='bbox 896 2358 1001 2416; x_wconf 93' lang='lat' dir='ltr'><strong>multos</strong></span> <span class='ocrx_word' id='word_1_229' title='bbox 1023 2375 1113 2416; x_wconf 91' lang='lat' dir='ltr'><strong>anuos</strong></span> 
     </span>
     <span class='ocr_line' id='line_1_27' title="bbox 117 2435 1114 2501; baseline 0.002 -6"><span class='ocrx_word' id='word_1_230' title='bbox 117 2445 244 2497; x_wconf 90' lang='lat' dir='ltr'><strong>mercata</strong></span> <span class='ocrx_word' id='word_1_231' title='bbox 258 2445 349 2496; x_wconf 90' lang='lat' dir='ltr'><strong>matre</strong></span> <span class='ocrx_word' id='word_1_232' title='bbox 370 2436 491 2496; x_wconf 84' lang='lat' dir='ltr'><strong>familias</strong></span> <span class='ocrx_word' id='word_1_233' title='bbox 512 2455 567 2496; x_wconf 88' lang='lat' dir='ltr'><strong>uec</strong></span> <span class='ocrx_word' id='word_1_234' title='bbox 587 2435 686 2498; x_wconf 86' lang='lat' dir='ltr'><strong>diuite.</strong></span> <span class='ocrx_word' id='word_1_235' title='bbox 723 2437 804 2500; x_wconf 90' lang='lat' dir='ltr'><strong>Nero</strong></span> <span class='ocrx_word' id='word_1_236' title='bbox 831 2442 998 2500; x_wconf 90' lang='lat' dir='ltr'><strong>amissarum</strong></span> <span class='ocrx_word' id='word_1_237' title='bbox 1019 2457 1114 2501; x_wconf 87' lang='lat' dir='ltr'><strong>rerum</strong></span> 
     </span>
     <span class='ocr_line' id='line_1_28' title="bbox 117 2519 1171 2602; baseline 0.002 -23"><span class='ocrx_word' id='word_1_238' title='bbox 117 2522 217 2579; x_wconf 91' lang='lat' dir='ltr'><strong>nuntio</strong></span> <span class='ocrx_word' id='word_1_239' title='bbox 230 2528 352 2599; x_wconf 91' lang='lat' dir='ltr'><strong>accepto</strong></span> <span class='ocrx_word' id='word_1_240' title='bbox 368 2520 440 2580; x_wconf 89' lang='lat' dir='ltr'><strong>duos</strong></span> <span class='ocrx_word' id='word_1_241' title='bbox 456 2519 763 2597; x_wconf 76' lang='lat' dir='ltr'><strong>calicescrystalliuos</strong></span> <span class='ocrx_word' id='word_1_242' title='bbox 775 2523 804 2582; x_wconf 92' lang='lat' dir='ltr'><strong>in</strong></span> <span class='ocrx_word' id='word_1_243' title='bbox 819 2540 954 2602; x_wconf 87' lang='lat' dir='ltr'><strong>suprema</strong></span> <span class='ocrx_word' id='word_1_244' title='bbox 969 2525 1011 2582; x_wconf 89' lang='lat' dir='ltr'><strong>ira</strong></span> <span class='ocrx_word' id='word_1_245' title='bbox 1025 2524 1115 2600; x_wconf 90' lang='lat' dir='ltr'><strong>lregit</strong></span> <span class='ocrx_word' id='word_1_246' title='bbox 1167 2550 1171 2556; x_wconf 92' lang='lat'>·</span> 
     </span>
     <span class='ocr_line' id='line_1_29' title="bbox 117 2603 1115 2684; baseline 0.004 -24"><span class='ocrx_word' id='word_1_247' title='bbox 117 2603 228 2662; x_wconf 90' lang='lat' dir='ltr'><strong>iulisos.</strong></span> <span class='ocrx_word' id='word_1_248' title='bbox 257 2603 329 2663; x_wconf 90' lang='lat' dir='ltr'><strong>haec</strong></span> <span class='ocrx_word' id='word_1_249' title='bbox 343 2604 396 2662; x_wconf 92' lang='lat' dir='ltr'><strong>luit</strong></span> <span class='ocrx_word' id='word_1_250' title='bbox 412 2621 546 2682; x_wconf 88' lang='lat' dir='ltr'><strong>suprema</strong></span> <span class='ocrx_word' id='word_1_251' title='bbox 560 2603 632 2664; x_wconf 93' lang='lat' dir='ltr'><strong>ultio</strong></span> <span class='ocrx_word' id='word_1_252' title='bbox 645 2606 791 2677; x_wconf 83' lang='lat' dir='ltr'><strong>saeculum</strong></span> <span class='ocrx_word' id='word_1_253' title='bbox 807 2624 888 2666; x_wconf 93' lang='lat' dir='ltr'><strong>suum</strong></span> <span class='ocrx_word' id='word_1_254' title='bbox 900 2608 1062 2684; x_wconf 90' lang='lat' dir='ltr'><strong>punientis,</strong></span> <span class='ocrx_word' id='word_1_255' title='bbox 1078 2624 1115 2664; x_wconf 91' lang='lat' dir='ltr'><strong>ue</strong></span> 
     </span>
     <span class='ocr_line' id='line_1_30' title="bbox 119 2685 1115 2767; baseline 0.004 -24"><span class='ocrx_word' id='word_1_256' title='bbox 119 2686 182 2762; x_wconf 92' lang='lat' dir='ltr'><strong>quis</strong></span> <span class='ocrx_word' id='word_1_257' title='bbox 199 2685 271 2744; x_wconf 93' lang='lat' dir='ltr'><strong>alius</strong></span> <span class='ocrx_word' id='word_1_258' title='bbox 288 2687 324 2745; x_wconf 92' lang='lat' dir='ltr'><strong>iis</strong></span> <span class='ocrx_word' id='word_1_259' title='bbox 339 2686 465 2746; x_wconf 85' lang='lat' dir='ltr'><strong>biberet.</strong></span> <span class='ocrx_word' id='word_1_260' title='bbox 502 2688 662 2764; x_wconf 88' lang='lat' dir='ltr'><strong>fragmenta</strong></span> <span class='ocrx_word' id='word_1_261' title='bbox 679 2690 779 2748; x_wconf 88' lang='lat' dir='ltr'><strong>sarciri</strong></span> <span class='ocrx_word' id='word_1_262' title='bbox 796 2688 875 2748; x_wconf 92' lang='lat' dir='ltr'><strong>nullo</strong></span> <span class='ocrx_word' id='word_1_263' title='bbox 893 2689 978 2749; x_wconf 92' lang='lat' dir='ltr'><strong>modo</strong></span> <span class='ocrx_word' id='word_1_264' title='bbox 996 2697 1115 2767; x_wconf 89' lang='lat' dir='ltr'><strong>queunt.</strong></span> 
     </span>
     <span class='ocr_line' id='line_1_31' title="bbox 83 2768 1114 2852; baseline 0.011 -31"><span class='ocrx_word' id='word_1_265' title='bbox 83 2780 109 2821; x_wconf 85' lang='lat' dir='ltr'><strong>ao</strong></span> <span class='ocrx_word' id='word_1_266' title='bbox 117 2769 189 2829; x_wconf 89' lang='lat' dir='ltr'><strong>mire</strong></span> <span class='ocrx_word' id='word_1_267' title='bbox 201 2768 244 2826; x_wconf 91' lang='lat' dir='ltr'><strong>his</strong></span> <span class='ocrx_word' id='word_1_268' title='bbox 264 2768 298 2827; x_wconf 91' lang='lat' dir='ltr'><strong>ad</strong></span> <span class='ocrx_word' id='word_1_269' title='bbox 313 2768 525 2830; x_wconf 92' lang='lat' dir='ltr'><strong>similitudinem</strong></span> <span class='ocrx_word' id='word_1_270' title='bbox 540 2789 696 2832; x_wconf 89' lang='lat' dir='ltr'><strong>accessere</strong></span> <span class='ocrx_word' id='word_1_271' title='bbox 709 2774 818 2849; x_wconf 89' lang='lat' dir='ltr'><strong>vitrea,</strong></span> <span class='ocrx_word' id='word_1_272' title='bbox 836 2773 887 2833; x_wconf 88' lang='lat' dir='ltr'><strong>sed</strong></span> <span class='ocrx_word' id='word_1_273' title='bbox 903 2772 1018 2852; x_wconf 86' lang='lat' dir='ltr'><strong>prodigi</strong></span> <span class='ocrx_word' id='word_1_274' title='bbox 1028 2771 1114 2832; x_wconf 93' lang='lat' dir='ltr'><strong>modo</strong></span> 
     </span>
     <span class='ocr_line' id='line_1_32' title="bbox 117 2854 988 2932; baseline 0.009 -23"><span class='ocrx_word' id='word_1_275' title='bbox 117 2858 148 2909; x_wconf 90' lang='lat' dir='ltr'><strong>ut</strong></span> <span class='ocrx_word' id='word_1_276' title='bbox 164 2869 244 2910; x_wconf 89' lang='lat' dir='ltr'><strong>suum</strong></span> <span class='ocrx_word' id='word_1_277' title='bbox 260 2854 385 2929; x_wconf 90' lang='lat' dir='ltr'><strong>pretium</strong></span> <span class='ocrx_word' id='word_1_278' title='bbox 399 2855 531 2912; x_wconf 86' lang='lat' dir='ltr'><strong>auxerint</strong></span> <span class='ocrx_word' id='word_1_279' title='bbox 546 2855 693 2932; x_wconf 78' lang='lat' dir='ltr'><strong>crystalli,</strong></span> <span class='ocrx_word' id='word_1_280' title='bbox 712 2873 771 2916; x_wconf 92' lang='lat' dir='ltr'><strong>nou</strong></span> <span class='ocrx_word' id='word_1_281' title='bbox 787 2856 988 2918; x_wconf 89' lang='lat' dir='ltr'><strong>deminueriut.</strong></span> 
     </span>
    </p>

    <p class='ocr_par' dir='ltr' id='par_1_3' title="bbox 116 2934 1157 3184">
     <span class='ocr_line' id='line_1_33' title="bbox 180 2934 1157 3016; baseline 0.01 -24"><span class='ocrx_word' id='word_1_282' title='bbox 180 2935 210 3012; x_wconf 90' lang='lat' dir='ltr'><strong>(l</strong></span> <span class='ocrx_word' id='word_1_283' title='bbox 220 2935 261 3012; x_wconf 91' lang='lat' dir='ltr'><strong>l.)</strong></span> <span class='ocrx_word' id='word_1_284' title='bbox 276 2934 449 2994; x_wconf 82' lang='lat' dir='ltr'><strong>Proxumum</strong></span> <span class='ocrx_word' id='word_1_285' title='bbox 465 2935 559 2996; x_wconf 90' lang='lat' dir='ltr'><strong>locum</strong></span> <span class='ocrx_word' id='word_1_286' title='bbox 572 2939 602 2996; x_wconf 93' lang='lat' dir='ltr'><strong>in</strong></span> <span class='ocrx_word' id='word_1_287' title='bbox 617 2938 748 3016; x_wconf 89' lang='lat' dir='ltr'><strong>deliciis,</strong></span> <span class='ocrx_word' id='word_1_288' title='bbox 770 2941 938 3001; x_wconf 80' lang='lat' dir='ltr'><strong>feminarum</strong></span> <span class='ocrx_word' id='word_1_289' title='bbox 953 2949 1047 3001; x_wconf 91' lang='lat' dir='ltr'><strong>tamen</strong></span> <span class='ocrx_word' id='word_1_290' title='bbox 1063 2941 1110 3000; x_wconf 93' lang='lat' dir='ltr'><strong>ad·</strong></span> <span class='ocrx_word' id='word_1_291' title='bbox 1122 2951 1157 3004; x_wconf 85' lang='lat'><strong>30</strong></span> 
     </span>
     <span class='ocr_line' id='line_1_34' title="bbox 116 3017 1114 3101; baseline 0.005 -25"><span class='ocrx_word' id='word_1_292' title='bbox 116 3017 171 3076; x_wconf 91' lang='lat' dir='ltr'><strong>huc</strong></span> <span class='ocrx_word' id='word_1_293' title='bbox 187 3024 310 3094; x_wconf 91' lang='lat' dir='ltr'><strong>tantum,</strong></span> <span class='ocrx_word' id='word_1_294' title='bbox 332 3019 430 3078; x_wconf 90' lang='lat' dir='ltr'><strong>sucina</strong></span> <span class='ocrx_word' id='word_1_295' title='bbox 449 3021 598 3096; x_wconf 89' lang='lat' dir='ltr'><strong>optinent,</strong></span> <span class='ocrx_word' id='word_1_296' title='bbox 624 3023 802 3101; x_wconf 87' lang='lat' dir='ltr'><strong>eandemque</strong></span> <span class='ocrx_word' id='word_1_297' title='bbox 824 3025 918 3084; x_wconf 89' lang='lat' dir='ltr'><strong>omnia</strong></span> <span class='ocrx_word' id='word_1_298' title='bbox 937 3023 1010 3083; x_wconf 92' lang='lat' dir='ltr'><strong>haec</strong></span> <span class='ocrx_word' id='word_1_299' title='bbox 1031 3040 1114 3100; x_wconf 93' lang='lat' dir='ltr'><strong>quam</strong></span> 
     </span>
     <span class='ocr_line' id='line_1_35' title="bbox 116 3103 1113 3184; baseline 0.005 -26"><span class='ocrx_word' id='word_1_300' title='bbox 116 3118 247 3176; x_wconf 89' lang='lat' dir='ltr'><strong>gemmae</strong></span> <span class='ocrx_word' id='word_1_301' title='bbox 274 3103 493 3178; x_wconf 89' lang='lat' dir='ltr'><strong>auctoritatem,</strong></span> <span class='ocrx_word' id='word_1_302' title='bbox 521 3120 591 3162; x_wconf 84' lang='lat' dir='ltr'><strong>sane</strong></span> <span class='ocrx_word' id='word_1_303' title='bbox 616 3107 716 3183; x_wconf 91' lang='lat' dir='ltr'><strong>priora</strong></span> <span class='ocrx_word' id='word_1_304' title='bbox 742 3107 791 3167; x_wconf 91' lang='lat' dir='ltr'><strong>illa</strong></span> <span class='ocrx_word' id='word_1_305' title='bbox 816 3107 920 3184; x_wconf 92' lang='lat' dir='ltr'><strong>aliquis</strong></span> <span class='ocrx_word' id='word_1_306' title='bbox 947 3105 1113 3180; x_wconf 89' lang='lat' dir='ltr'><strong>decausis,</strong></span> 
     </span>
    </p>

    <p class='ocr_par' dir='ltr' id='par_1_4' title="bbox 81 3182 1153 3431">
     <span class='ocr_line' id='line_1_36' title="bbox 81 3182 1111 3268; baseline 0.001 -23"><span class='ocrx_word' id='word_1_307' title='bbox 81 3205 106 3245; x_wconf 82' lang='lat' dir='ltr'><strong>us</strong></span> <span class='ocrx_word' id='word_1_308' title='bbox 116 3182 282 3260; x_wconf 77' lang='lat' dir='ltr'><strong>crystallina</strong></span> <span class='ocrx_word' id='word_1_309' title='bbox 319 3184 426 3262; x_wconf 85' lang='lat' dir='ltr'><strong>frigido</strong></span> <span class='ocrx_word' id='word_1_310' title='bbox 464 3193 552 3263; x_wconf 91' lang='lat' dir='ltr'><strong>potu,</strong></span> <span class='ocrx_word' id='word_1_311' title='bbox 583 3187 728 3263; x_wconf 76' lang='lat' dir='ltr'><strong>myrrhina</strong></span> <span class='ocrx_word' id='word_1_312' title='bbox 761 3198 896 3268; x_wconf 89' lang='lat' dir='ltr'><strong>utroque.</strong></span> <span class='ocrx_word' id='word_1_313' title='bbox 942 3190 973 3246; x_wconf 92' lang='lat' dir='ltr'><strong>iu</strong></span> <span class='ocrx_word' id='word_1_314' title='bbox 1004 3189 1111 3246; x_wconf 92' lang='lat' dir='ltr'><strong>sucinis</strong></span> 
     </span>
     <span class='ocr_line' id='line_1_37' title="bbox 116 3268 1111 3349; baseline 0.002 -22"><span class='ocrx_word' id='word_1_315' title='bbox 116 3285 229 3327; x_wconf 91' lang='lat' dir='ltr'><strong>causam</strong></span> <span class='ocrx_word' id='word_1_316' title='bbox 253 3285 289 3327; x_wconf 86' lang='lat' dir='ltr'><strong>ue</strong></span> <span class='ocrx_word' id='word_1_317' title='bbox 324 3268 447 3329; x_wconf 89' lang='lat' dir='ltr'><strong>deliciae</strong></span> <span class='ocrx_word' id='word_1_318' title='bbox 476 3269 589 3347; x_wconf 94' lang='lat' dir='ltr'><strong>quidem</strong></span> <span class='ocrx_word' id='word_1_319' title='bbox 623 3269 714 3330; x_wconf 87' lang='lat' dir='ltr'><strong>adhuc</strong></span> <span class='ocrx_word' id='word_1_320' title='bbox 746 3273 915 3348; x_wconf 84' lang='lat' dir='ltr'><strong>excogitare</strong></span> <span class='ocrx_word' id='word_1_321' title='bbox 946 3279 1111 3349; x_wconf 89' lang='lat' dir='ltr'><strong>potuerunt.</strong></span> 
     </span>
     <span class='ocr_line' id='line_1_38' title="bbox 117 3350 1153 3431; baseline 0.007 -22"><span class='ocrx_word' id='word_1_322' title='bbox 117 3353 233 3412; x_wconf 86' lang='lat' dir='ltr'><strong>occasio</strong></span> <span class='ocrx_word' id='word_1_323' title='bbox 251 3360 296 3410; x_wconf 92' lang='lat' dir='ltr'><strong>est</strong></span> <span class='ocrx_word' id='word_1_324' title='bbox 311 3353 445 3412; x_wconf 89' lang='lat' dir='ltr'><strong>vanitatis</strong></span> <span class='ocrx_word' id='word_1_325' title='bbox 462 3350 638 3413; x_wconf 88' lang='lat' dir='ltr'><strong>Graecorum</strong></span> <span class='ocrx_word' id='word_1_326' title='bbox 652 3353 842 3431; x_wconf 85' lang='lat' dir='ltr'><strong>detegendae.</strong></span> <span class='ocrx_word' id='word_1_327' title='bbox 874 3354 1010 3431; x_wconf 87' lang='lat' dir='ltr'><strong>legentes</strong></span> <span class='ocrx_word' id='word_1_328' title='bbox 1026 3354 1112 3414; x_wconf 92' lang='lat' dir='ltr'><strong>modo</strong></span> <span class='ocrx_word' id='word_1_329' title='bbox 1121 3364 1153 3418; x_wconf 80' lang='lat'><strong>31</strong></span> 
     </span>
    </p>
   </div>
   <div class='ocr_carea' id='block_1_3' title="bbox 116 3437 1127 3577">
    <p class='ocr_par' dir='ltr' id='par_1_5' title="bbox 116 3437 1127 3577">
     <span class='ocr_line' id='line_1_39' title="bbox 116 3437 1127 3577; baseline -0.005 -85"><span class='ocrx_word' id='word_1_330' title='bbox 116 3451 210 3513; x_wconf 88' lang='lat' dir='ltr'><strong>aequo</strong></span> <span class='ocrx_word' id='word_1_331' title='bbox 221 3437 423 3512; x_wconf 90' lang='lat' dir='ltr'><strong>perpetiantur</strong></span> <span class='ocrx_word' id='word_1_332' title='bbox 434 3437 539 3512; x_wconf 88' lang='lat' dir='ltr'><strong>animo,</strong></span> <span class='ocrx_word' id='word_1_333' title='bbox 552 3455 614 3496; x_wconf 90' lang='lat' dir='ltr'><strong>cum</strong></span> <span class='ocrx_word' id='word_1_334' title='bbox 623 3437 680 3498; x_wconf 91' lang='lat' dir='ltr'><strong>hoc</strong></span> <span class='ocrx_word' id='word_1_335' title='bbox 692 3455 808 3518; x_wconf 88' lang='lat' dir='ltr'><strong>quoque</strong></span> <span class='ocrx_word' id='word_1_336' title='bbox 821 3439 1032 3577; x_wconf 52' lang='lat' dir='ltr'><strong>iuterqqqitae</strong></span> <span class='ocrx_word' id='word_1_337' title='bbox 1041 3439 1127 3491; x_wconf 61' lang='lat' dir='ltr'><strong>ssim</strong></span> 
     </span>
    </p>
   </div>
   <div class='ocr_carea' id='block_1_4' title="bbox 0 0 1199 3840">
    <p class='ocr_par' dir='ltr' id='par_1_6' title="bbox 0 0 1199 3840">
     <span class='ocr_line' id='line_1_40' title="bbox 0 0 1199 3840; baseline 0 0"><span class='ocrx_word' id='word_1_338' title='bbox 0 0 1199 3840; x_wconf 95' lang='lat' dir='ltr'><strong> </strong></span> 
     </span>
    </p>
   </div>
  </div>
 </body>
</html>
