2378 3840
193 228 273 276 aar.
290 227 382 276 arar.
398 226 519 274 xxxvr.
533 221 577 276 at.
593 218 652 292 (69.
664 216 869 292 )-xxxvr1.
888 227 911 278 1.
929 213 986 296 (a.)
1042 215 1101 277 143

108 381 217 444 clusum
237 382 317 442 ferro
336 400 369 442 ao
387 382 478 460 digito
499 379 717 456 circumdatum,
742 379 799 439 hoc
819 380 910 440 luisse
935 379 1046 440 anulum
1072 390 1102 440 et

108 466 164 525 hoc
179 482 326 541 gemmam.

172 546 242 626 Gap.
259 551 284 607 1.
301 549 361 627 (2.)
374 547 425 607 llis
436 549 524 608 initiis
537 547 637 624 coepit
648 548 804 607 auctoritas
817 549 962 607 intantum
977 557 1133 611 amorem&

109 632 184 692 elata
199 639 230 691 ut
245 630 390 708 Polycrati
405 630 500 690 Samio
522 630 676 690 insularum
693 648 726 690 ao
741 631 856 691 litorum
873 639 994 707 tyranno
1011 630 1103 690 felici·

86 717 176 776 statis
192 733 279 792 suae,
301 732 384 792 quam
404 715 516 773 nimiam
531 714 677 774 fatebatur
692 716 777 774 etlam
795 716 860 793 ipse
875 716 922 792 qui
937 715 1010 774 felix
1027 722 1101 792 erat,

108 800 178 859 satis
195 799 330 876 piamenti
345 799 375 856 in
395 799 478 857 unius
495 815 625 874 gemmae
641 796 806 858 voluntario
824 798 926 858 damno
941 798 1101 874 videretur,

108 884 132 942 si
159 900 223 942 oum
245 880 392 941 Fortunae
416 881 600 940 volubilitate
627 881 707 958 paria
731 881 869 960 lecisset,
898 882 1043 960 planeque
1066 881 1102 940 ab

107 965 213 1024 invidia
230 967 293 1024 eius
309 964 422 1024 abunde
436 983 469 1024 se
481 963 582 1023 redimi
597 972 730 1041 putaret,
747 966 771 1024 si
785 964 841 1025 hoc
855 984 944 1025 unum
959 965 1104 1025 doluisset

107 1047 226 1107 adsiduo
237 1043 343 1121 gaudio
356 1045 459 1105 lassus.
493 1067 566 1126 ergo
584 1054 741 1124 provectus
758 1049 875 1125 navigio
888 1049 918 1107 in
933 1045 1019 1105 altum
1037 1053 1133 1107 anu-l

73 1130 165 1189 1olum
185 1131 294 1189 mersit.
327 1137 356 1189 at
381 1129 460 1189 illum
481 1131 570 1207 piscis
594 1131 698 1189 eximia
718 1131 913 1207 magnitudine
934 1130 998 1206 regi
1018 1136 1102 1187 natus

108 1231 195 1274 escae
216 1215 282 1273 vioe
298 1221 425 1291 raptum,
447 1221 478 1272 ut
492 1213 604 1272 laceret
620 1220 781 1289 ostentum,
810 1214 840 1271 in
862 1211 954 1270 eulina
985 1211 1102 1271 domiuo

107 1314 205 1356 rursus
220 1296 368 1357 Fortunae
383 1297 546 1355 insidiantis
560 1313 644 1355 manu
657 1294 789 1356 reddidit.
816 1295 1025 1372 sardonychem
1040 1311 1103 1355 eam

106 1397 245 1456 gemmam
267 1380 358 1439 luisse
375 1387 506 1455 constat,
528 1379 741 1455 ostenduntque
758 1379 869 1439 Romae
879 1422 888 1454 ,
905 1381 929 1438 si
948 1378 1102 1453 credimus,

106 1465 136 1521 in
153 1459 333 1520 Concordiae
356 1461 479 1521 delubro
499 1478 589 1520 cornu
601 1479 691 1520 aureo
703 1460 854 1538 Augustae
869 1461 945 1520 dono
965 1461 1102 1520 inclusam

73 1567 97 1607 ro
108 1553 138 1603 et
153 1545 340 1602 novissimum
353 1561 447 1623 prope
463 1543 558 1603 locum
574 1552 618 1602 tot
634 1543 773 1621 praelatis
786 1545 977 1621 optinentem.

170 1628 230 1704 (3.)
245 1626 316 1686 Post
330 1625 406 1687 hunc
417 1626 530 1686 anulum
544 1627 624 1703 regis
638 1626 758 1686 alterius
773 1628 802 1685 in
822 1628 895 1687 lama
913 1635 959 1686 ert
979 1638 1133 1702 gemmas

106 1709 208 1786 Pyrrhi
228 1709 306 1770 illius
329 1711 378 1788 qui
399 1710 539 1770 adversus
554 1709 700 1770 Romanos
718 1709 826 1769 bellum
842 1711 944 1787 gessit.
981 1726 1102 1786 namque

106 1793 243 1853 habuisse
273 1793 377 1853 dicitur
403 1794 525 1853 achaten
547 1795 577 1852 in
604 1810 659 1870 qua
686 1810 791 1852 novem
811 1791 912 1853 Musae
940 1801 969 1852 et
992 1790 1101 1869 Apollo

107 1877 244 1937 citharam
261 1885 363 1937 tenens
385 1884 604 1955 spectarentur,
625 1894 683 1936 nou
704 1884 767 1936 arte
788 1875 841 1936 sed
860 1884 979 1936 naturae
996 1882 1102 1952 sponte

72 1962 145 2022 aolta
164 1961 393 2021 discurrentibus
415 1960 533 2020 maculis
550 1968 580 2018 ut
596 1957 686 2019 hlusis
702 1976 819 2038 quoque
836 1959 957 2037 siugulis
973 1976 1024 2019 sua
1039 1957 1103 2017 red·

106 2045 246 2105 derantur
261 2046 395 2122 insignia.
428 2062 483 2103 ueo
498 2043 603 2104 deiude
618 2043 674 2103 alia
690 2061 763 2121 quae
779 2043 908 2103 tradatur
923 2051 1132 2120 magnopered

106 2145 279 2204 gemmarum
294 2127 410 2187 claritas
428 2135 524 2187 exstat
538 2126 614 2204 apud
627 2135 780 2204 auctores,
796 2135 998 2205 praeterquam
1013 2124 1103 2185 lsme·

106 2212 172 2269 niau
192 2209 350 2268 choraulen
373 2209 469 2268 multis
490 2208 729 2288 fulgentibusque
746 2212 787 2270 uti
812 2211 928 2270 solitum
948 2211 1102 2270 comitante

105 2291 201 2352 fabula
215 2293 369 2351 vanitatem
384 2293 464 2368 eius,
478 2290 605 2351 indicato
617 2294 647 2351 iu
659 2291 757 2370 Cypro
774 2310 829 2352 sex
840 2294 937 2352 aureis
949 2292 1102 2368 zmaragdo

71 2396 96 2436 25
106 2375 156 2435 ubi
177 2383 240 2434 erat
262 2374 371 2453 scalpta
386 2374 565 2451 Amymone,
586 2375 710 2434 iussisse
731 2377 875 2435 numerari
897 2384 944 2452 et,
965 2392 1028 2434 cum
1045 2375 1102 2433 duo

106 2458 190 2518 relati
202 2467 321 2535 assent,
338 2458 412 2519 male
419 2500 430 2536 ,
443 2457 587 2534 lleroule,
605 2458 727 2534 lactum,
750 2458 877 2534 dixisse,
898 2457 1016 2517 multum
1028 2459 1102 2516 enim

106 2542 264 2602 detractum
281 2560 413 2618 gemmae
427 2541 568 2620 dignitati.
594 2540 642 2601 hic
654 2541 766 2601 ridetur
782 2541 944 2601 instituisse
958 2548 988 2600 ut
1004 2549 1130 2604 omnesi

105 2626 232 2684 musicae
250 2627 320 2685 artis
344 2624 398 2686 hac
419 2642 535 2703 quoque
558 2625 758 2684 ostentatione
780 2632 989 2700 censerentur,
1011 2621 1102 2682 ueluti

106 2706 328 2783 Dionysodorus
345 2708 475 2785 aequalis
496 2710 559 2768 eius
581 2717 611 2768 et
629 2707 773 2785 aemulus,
794 2716 825 2767 ut
846 2709 888 2767 sio
910 2723 1026 2785 quoque
1051 2723 1104 2783 par

72 2791 272 2867 arrideretur,
298 2792 346 2867 qui
375 2792 478 2850 tertius
506 2791 610 2851 codem
639 2800 773 2869 ternpore
794 2792 870 2852 inter
891 2792 1017 2850 musicos
1039 2790 1102 2866 luit,

107 2872 297 2932 Nicomachus
325 2868 400 2924 enim
422 2875 524 2926 multas
546 2877 654 2929 tantum
669 2869 806 2930 habuisse
822 2886 949 2946 gemmas
972 2868 1103 2943 traditur,

110 2949 162 3009 sed
179 2947 256 3007 nulla
275 2950 382 3025 peritia
399 2949 518 3011 electas.

168 3035 243 3112 Sed,
264 3035 343 3096 forte
365 3037 485 3115 quadam
499 3036 544 3098 his
565 3039 706 3117 exemplis
724 3041 807 3099 initio
824 3038 976 3099 voluminis
996 3037 1132 3103 oblatis8

106 3118 246 3179 aduersus
261 3121 336 3180 istos
351 3122 399 3199 qui
415 3121 471 3180 sibi
494 3119 547 3180 hac
564 3123 761 3183 ostentatione
777 3122 934 3199 adrogant,
956 3129 987 3179 ut
1009 3120 1102 3199 palam

71 3224 96 3265 as
108 3202 146 3262 sit
161 3219 213 3263 eos
232 3203 380 3263 tibicinum
395 3204 489 3281 gloria
504 3212 631 3281 tumere,
647 3204 707 3283 (4.)
722 3204 883 3282 Polycratis
901 3221 1012 3281 gemma
1028 3221 1102 3281 quae

107 3287 320 3347 demonstratur
335 3290 440 3347 intacta
455 3287 632 3365 inlibataque
648 3296 704 3349 est,
733 3286 876 3348 Ismeniae
888 3295 984 3347 aetate
995 3288 1101 3347 multos

106 3380 175 3450 post
195 3387 285 3432 annos
302 3371 421 3449 adparet
443 3371 535 3450 scalpi
551 3373 637 3432 etiam
659 3372 828 3450 zmaragdos
847 3371 961 3432 solitos.
999 3371 1102 3431 confir-

106 3454 257 3515 mathana
278 3455 398 3516 eandem
420 3457 587 3534 opinionem
608 3456 734 3517 edictum
750 3455 915 3517 Alexandri
926 3454 1043 3552 'thaam
1053 3467 1118 3522 cam
