2378 3840
132 189 190 250 102
481 199 787 248 cucumerarium

132 356 245 435 quidam
262 358 325 416 eius
340 355 444 434 lapidis
461 357 491 414 in
508 373 635 434 spumam
649 354 827 431 coagulatus.
854 352 911 413 hoc
926 371 1019 431 genus
1036 352 1135 412 alumi·

130 441 175 499 nis
192 442 283 499 minus
305 442 394 500 siccat
408 440 559 518 minusque
577 440 653 498 sistit
674 454 803 496 umorem
817 437 947 497 inutilem
967 454 1133 515 corporum,

131 532 161 583 et
184 523 301 583 auribus
327 541 506 601 magnopere
528 522 650 601 prodest
672 522 794 581 infusum
816 521 864 580 vel
887 522 998 580 inlitum
1021 529 1051 580 et
1073 522 1133 580 oris

130 607 278 667 ulceribus
295 607 505 685 dentibusque,
521 608 545 666 si
564 607 654 666 saliva
670 623 733 665 curm
749 622 786 665 eo
801 606 1000 682 contineatur,
1019 613 1053 671 et
1067 622 1134 664 ocu·

130 689 224 750 lorum
248 690 464 751 medicamentis
489 692 627 750 inseritur
656 699 724 769 apte
757 690 952 770 verendisque
983 690 1155 767 utriusques

90 781 138 839 187
153 793 251 834 sexus.
287 776 421 853 coquitur
440 776 469 833 in
486 775 590 836 catinis
607 773 701 834 donec
723 773 825 852 liquari
847 772 970 834 desinat.
1010 772 1134 832 luertio-

132 859 172 917 ris
187 866 233 917 est
248 858 369 918 alterum
383 860 503 936 generis
518 858 595 937 quod
611 857 783 936 strongylen
798 867 911 918 vocant.
935 858 1008 917 duae
1025 865 1054 917 et
1070 857 1133 915 eius

132 943 267 1020 species,
292 942 446 1019 fungosum
465 951 551 1020 atque
575 944 650 1002 omui
674 959 774 1000 umore
792 941 860 1001 dilui
881 941 985 1018 facile,
1012 939 1088 1018 quod
1105 941 1134 998 iu

131 1034 222 1085 totum
244 1026 401 1086 damnatur.
439 1026 541 1086 melius
571 1028 748 1104 pumicosum
774 1034 804 1084 et
832 1027 1001 1086 foraminum
1029 1023 1133 1082 fistulis

132 1126 282 1186 spongeae
299 1110 393 1169 simile
410 1110 620 1188 rotundumque
638 1119 754 1186 natura,
771 1110 892 1170 candido
908 1110 1047 1188 propius,
1071 1126 1134 1166 cum
1146 1127 1170 1166 ro

133 1193 252 1270 quadam
274 1193 491 1271 pinguitudine,
521 1195 584 1252 sine
609 1193 742 1269 harenis,
764 1193 896 1270 friabile,
920 1211 975 1252 nec
1002 1192 1134 1251 inliciens

133 1276 258 1351 nigritia.
296 1275 353 1334 hoc
378 1278 512 1354 coquitur
533 1293 636 1353 perse
658 1276 833 1336 carbonibus
855 1279 935 1355 puris
950 1276 1045 1336 donec
1061 1276 1134 1335 cinis

91 1367 143 1423 188
157 1359 216 1420 liat.
240 1358 391 1437 Optumum
407 1377 445 1418 ex
461 1359 591 1419 omnibus
610 1359 687 1437 quod
702 1358 838 1419 Melinum
854 1369 959 1420 vocant
977 1360 1012 1419 ab
1029 1358 1134 1434 insula,

91 1459 125 1495 111
133 1450 164 1500 nt
186 1441 316 1502 diximus.
350 1442 419 1502 nulli
439 1443 483 1502 vis
499 1444 590 1503 maior
613 1461 709 1522 neque
726 1443 923 1522 adstringendi
942 1461 1037 1522 neque
1054 1442 1134 1501 deui-

132 1526 233 1601 graudi
249 1544 344 1604 neque
360 1526 520 1604 indurandi,
539 1527 645 1586 nullum
659 1529 792 1606 spissius.
817 1529 966 1588 oculorum
981 1526 1133 1587 scabritias
1146 1548 1169 1586 15

133 1618 288 1686 extenuat,
310 1610 490 1670 combustum
511 1611 608 1670 utilius
629 1611 780 1690 epiphoris
796 1611 978 1687 inhibendis,
994 1610 1037 1669 sic
1054 1619 1084 1669 et
1100 1609 1135 1668 ad

134 1695 259 1769 pruritus
276 1695 420 1772 corporis.
444 1697 612 1771 sanguinem
623 1712 740 1773 quoque
755 1697 833 1757 sistit
848 1697 1047 1774 intus-potum,
1060 1693 1134 1752 foris

132 1775 253 1836 inlitum.
288 1778 379 1837 volsis
397 1778 463 1857 pilis
481 1797 519 1838 ex
534 1789 619 1838 aceto
635 1778 764 1857 inlinitur
782 1781 1022 1856 renascentisque
1041 1777 1135 1836 mollit

90 1867 141 1924 189
152 1861 181 1918 in
198 1859 371 1938 lanuginem.
389 1860 501 1921 Summa
518 1864 640 1922 omnium
655 1880 795 1939 generum
811 1865 853 1922 vis
871 1865 900 1922 in
915 1860 1134 1937 adstringendo,

133 1944 208 2003 unde
233 1962 338 2004 nomen
354 1942 480 2004 Graecis.
508 1946 546 2004 oh
568 1945 596 2004 id
618 1945 767 2005 oculorum
788 1948 867 2005 vitiis
891 1947 1038 2025 aptissima
1057 1953 1169 2020 sunt,2o

133 2029 282 2104 sanguinis
301 2027 454 2087 fluctiones
475 2027 607 2088 inhibent
628 2046 690 2088 cnm
712 2029 805 2107 adipe.
836 2031 1033 2109 putrescentia
1055 2027 1133 2087 ulce-

134 2127 195 2168 rum
210 2112 363 2188 conpescit
382 2127 444 2168 cum
461 2111 545 2190 adipe
566 2112 609 2171 sic
627 2120 657 2172 et
672 2113 820 2172 infantium
838 2114 936 2175 ulcera
952 2122 982 2174 et
998 2112 1134 2189 hydropi·

133 2209 232 2251 corum
248 2194 419 2272 eruptiones
435 2195 525 2256 siccat
541 2206 571 2256 et
586 2197 695 2257 aurium
710 2198 780 2257 vitia
796 2217 859 2258 cum
870 2215 940 2259 suco
953 2197 1051 2258 Punici
1067 2195 1134 2254 mali

134 2284 165 2335 et
181 2278 316 2354 unguium
335 2277 486 2339 scabritias
512 2280 734 2361 cicatricumque
758 2281 877 2342 duritias
901 2291 930 2341 et
948 2281 1083 2360 pterygia
1102 2297 1135 2337 ac

133 2362 302 2437 perniones.
330 2361 533 2440 phagedaenas
549 2364 678 2425 ulcerum
694 2384 732 2424 ex
746 2374 830 2425 aceto
844 2374 892 2424 aut
905 2382 968 2423 cnm
978 2362 1055 2440 galla
1071 2363 1135 2440 pari
1145 2389 1170 2428 25

134 2445 265 2521 pondere
290 2454 432 2523 cremata,
455 2448 552 2526 lepras
576 2467 639 2509 oum
662 2466 732 2508 suco
753 2447 880 2522 olerum,
897 2463 959 2504 cum
975 2445 1044 2504 salis
1060 2463 1134 2505 vero

133 2527 242 2587 duabus
258 2529 388 2607 partibus
404 2532 474 2591 vitia
492 2550 565 2611 quae
581 2540 712 2610 serpunt,
727 2529 829 2588 leudes
846 2537 876 2587 et
890 2528 945 2587 alia
963 2526 1135 2605 capillorum

92 2621 142 2676 190
154 2611 285 2672 animalia
308 2629 399 2691 aquae
416 2618 598 2693 permixtum.
628 2615 718 2673 sicet
738 2611 876 2671 ambustis
894 2611 1015 2690 prodest
1031 2619 1061 2670 et
1075 2610 1136 2670 fur-

133 2695 245 2754 furibus
262 2713 416 2775 corporum
435 2717 497 2757 oum
515 2716 584 2758 sero
601 2698 684 2776 picis.
708 2695 866 2755 infunditur
888 2704 918 2756 et
935 2695 1134 2771 dysintericis,

133 2795 215 2835 uvam
227 2795 343 2855 quoque
360 2781 389 2838 iu
405 2797 457 2840 ore
473 2783 627 2859 conprimit
641 2798 675 2839 ac
687 2779 829 2840 tonsillas.
853 2780 899 2840 Ad
912 2782 1005 2839 onmia
1017 2797 1091 2858 quae
1105 2782 1134 2838 in
1145 2804 1171 2845 au

134 2861 242 2919 ceteris
258 2862 418 2936 generibus
435 2863 556 2923 diximus
570 2865 716 2924 efficacius
731 2864 919 2943 intellegatur
939 2882 977 2923 ex
993 2863 1072 2923 blelo
1087 2863 1135 2922 ad-

133 2951 264 3019 vectum,
286 2961 350 3002 uam
366 2944 401 3003 ad
415 2945 547 3024 reliquos
563 2966 631 3008 usus
650 2949 727 3008 vitae
746 2950 776 3007 in
791 2949 881 3008 coriis
900 2949 1031 3026 lanisque
1048 2948 1135 3026 perli-

93 3046 127 3081 aaa
137 3026 247 3092 ciendis
263 3029 361 3105 quanti
377 3029 415 3087 sit
429 3034 566 3091 momenti
583 3034 775 3109 significatum
793 3041 847 3092 est.

92 3122 139 3177 191
209 3111 255 3172 16.
274 3111 357 3192 (53.)
374 3112 420 3172 Ab
433 3113 477 3174 his
495 3133 548 3194 per
562 3136 595 3177 se
610 3116 645 3176 ad
659 3116 829 3176 medicinam
844 3117 1019 3195 pertinentia
1035 3124 1134 3175 terrae

133 3215 245 3273 genera
272 3197 465 3259 tractabimus.
507 3198 618 3265 Samiae
639 3201 712 3260 duae
740 3209 806 3259 sunt
830 3218 904 3279 quae
929 3199 1080 3275 collyrium
1104 3207 1171 3261 etas

134 3299 208 3360 quae
224 3289 304 3341 aster
321 3281 512 3360 appellantur.
545 3286 651 3363 prioris
668 3285 729 3344 laus
749 3293 779 3342 ut
794 3302 899 3344 recens
916 3285 953 3344 sit
968 3302 1002 3342 ac
1019 3283 1134 3342 lenissi-

132 3382 177 3423 ma
193 3365 369 3444 linguaeque
386 3367 543 3444 glutinosa,
561 3369 652 3429 altera
667 3367 850 3446 glaehosior,
866 3368 995 3444 candida,
1012 3375 1149 3444 utraque·

122 3449 236 3525 uritur,
259 3449 382 3512 lavatur.
412 3461 480 3514 sunt
501 3454 549 3533 qui
570 3454 737 3534 praeferant
757 3453 893 3530 priorem.
925 3458 1048 3529 prosunt
1071 3466 1136 3510 sau-
