2378 3840
124 183 182 244 162
464 192 494 240 c.
512 193 608 240 rrum
631 176 782 242 succum

120 350 246 409 feminae
278 350 426 428 pigriores
458 357 525 408 sunt
552 356 584 426 et
615 349 742 409 crassius
770 349 872 409 nitent.
909 366 964 408 nec
989 348 1044 407 luit
1070 349 1130 410 alia

121 451 233 509 gemma
261 433 335 512 apud
361 434 497 510 antiquos
522 450 581 492 usu.
604 432 789 510 frequentior
808 468 851 478 —
872 431 926 493 hac
947 440 1027 492 certe
1050 433 1130 510 apud

119 515 307 576 Menandrum
329 525 359 576 et
374 515 572 576 Philemonem
592 515 709 576 fabulae
731 516 904 594 superbiunt
921 550 964 560 —
978 533 1034 575 nec
1048 516 1130 577 ullae

120 601 322 661 tralucentium
345 601 453 660 tardius
475 599 614 660 sublusae
635 617 736 660 umore
758 599 951 676 hebetantur,
981 599 1129 679 oleaeque

119 686 211 761 magis
236 701 319 763 quarn
340 683 398 744 alio
422 683 546 761 liquore.
578 683 745 744 damnantur
762 703 801 744 ex
818 685 858 743 iis'
875 683 1000 743 melleae
1020 692 1051 743 et
1065 685 1152 746 val-s

119 769 183 827 dius
198 776 359 829 testaceae.

81 861 126 915 107
186 851 213 912 8.
235 851 318 930 (32.)
334 851 465 929 Egregia
477 853 630 912 etiamnum
644 869 695 911 sua
711 859 818 930 topazo
834 851 929 928 gloria
945 860 1002 929 cst,
1016 853 1127 912 virenti

120 954 232 1012 genere
248 945 296 1012 et,
316 954 379 996 curu
401 943 521 1013 reperta
539 943 600 1012 est,
626 935 775 1014 praelatae
791 934 932 996 omnibus.
970 936 1075 995 accidit
1097 937 1128 996 in

118 1019 249 1079 Arabiae
271 1020 364 1080 insula
390 1037 464 1099 quae
486 1017 567 1096 Cytis
592 1018 769 1096 vocabatur,
795 1021 824 1078 in
846 1036 929 1098 quam
945 1019 1128 1080 devenerant

120 1103 309 1180 Trogodytae
337 1103 502 1182 praedones
528 1104 604 1163 lame
627 1111 657 1163 et
680 1111 856 1182 tempestate
876 1103 966 1181 lessi,
990 1111 1036 1181 ut,
1062 1121 1167 1165 cumae

120 1187 227 1247 herbas
245 1187 420 1264 radicesque
436 1187 590 1262 foderent,
607 1196 746 1247 eruerent
759 1196 896 1265 topazon.
923 1186 997 1247 haec
1012 1186 1128 1247 Arche-

77 1281 128 1334 108
142 1271 178 1330 lai
191 1272 337 1329 sententia
349 1279 403 1330 est.
419 1268 490 1330 luha
499 1269 646 1347 Topazum
657 1271 779 1330 insulam
792 1273 821 1330 in
831 1270 932 1330 Rubro
944 1271 1015 1330 mari
1027 1288 1043 1329 a
1055 1288 1128 1330 con·

120 1355 222 1413 tinenti
238 1354 339 1413 stadiis
354 1351 427 1413 CCC
440 1352 546 1414 abesse
562 1353 642 1433 dicit,
658 1354 829 1415 nebulosam
843 1363 873 1414 et
884 1355 951 1415 ideo
964 1356 1128 1433 quaesitam

119 1439 238 1516 saepius
255 1437 472 1516 navigantibus,
491 1456 530 1498 ex
546 1456 580 1498 ea
599 1457 686 1500 causa
705 1456 810 1499 nomen
826 1441 990 1517 accepisse,
1006 1440 1126 1516 topazin

120 1524 194 1582 enirn
208 1522 440 1600 Trogodytarum
455 1522 554 1600 lingua
569 1523 813 1600 significationem
830 1522 940 1583 habere
953 1523 1124 1602 quaerendi.
1137 1544 1165 1585 1⁵

120 1625 157 1667 ex
183 1606 236 1664 hac
260 1610 381 1684 primum
405 1608 579 1684 inportatam
606 1606 768 1667 Berenicae
801 1608 940 1684 reginae,
971 1624 1046 1685 quac
1071 1607 1127 1666 luit

119 1699 211 1750 mater
234 1692 386 1767 sequentis
402 1689 581 1768 Ptolemaei,
605 1690 641 1751 ab
658 1690 781 1752 Philone
798 1692 952 1770 praelecto
967 1692 1031 1767 regi
1051 1692 1127 1750 mire

118 1774 263 1852 placuisse
286 1783 315 1834 et
336 1774 404 1834 inde
425 1774 529 1834 iactam
549 1783 671 1835 statuam
688 1774 835 1836 Arsinoae
850 1773 1012 1834 Ptolemaei
1031 1772 1128 1834 Phila·

119 1858 216 1936 delphi
239 1860 324 1918 uxori
341 1866 478 1937 quattuor
498 1857 678 1935 cubitorum,
698 1869 840 1919 sacratam
858 1860 888 1918 in
906 1858 1029 1918 delubro
1047 1859 1127 1937 quod

78 1953 127 2008 109
139 1961 256 2002 aureum
287 1941 555 2019 cognominabatur.
603 1945 797 2002 recentissimi
825 1951 961 2003 auctores
990 1950 1020 2002 et
1047 1944 1163 2021 circata

120 2026 276 2087 Thebaidis
294 2026 482 2085 Alabastrum
505 2026 641 2104 oppidum
662 2029 743 2086 nasci
767 2027 863 2087 dicunt
886 2035 915 2086 et
934 2027 990 2086 duo
1011 2044 1125 2103 genera

119 2113 182 2170 eius
209 2110 334 2186 faciunt,
361 2108 519 2187 prasoiden
545 2119 633 2187 atque
655 2110 869 2190 chrysopteron
892 2110 986 2170 simile
1003 2109 1124 2186 chryso·

117 2211 217 2271 praso.
256 2200 317 2252 tota
336 2194 412 2252 enim
434 2192 592 2254 similitudo
614 2195 649 2254 ad
671 2197 752 2273 porri
775 2214 873 2256 sucum
895 2194 1040 2272 dirigitur.
1077 2202 1124 2254 est

119 2286 213 2337 autern
237 2277 411 2356 amplissima
432 2295 618 2355 gemmarum.
656 2279 757 2339 eadem
781 2280 844 2340 sola
865 2278 1004 2338 nobilium
1028 2276 1124 2337 limam

119 2363 223 2438 sentit,
246 2370 367 2421 ceterae
382 2361 477 2421 Naxio
492 2371 525 2421 'ct
541 2362 655 2423 cotibus
671 2363 826 2442 poliuntur.
864 2361 938 2420 haec
957 2369 987 2420 et
1006 2379 1059 2419 usu
1082 2370 1124 2421 at·
1135 2378 1162 2420 ac

117 2448 232 2506 teritur.

77 2542 128 2592 110
186 2530 270 2609 (33.)
293 2528 456 2591 Comitatur
471 2549 535 2592 eam
550 2531 734 2592 similitudine
753 2526 875 2607 propior
891 2541 976 2604 quam
996 2529 1125 2587 auctori-

118 2623 177 2675 tate
206 2614 327 2674 callaina
351 2615 469 2674 eviridi
491 2616 613 2695 pallens.
649 2614 776 2671 nascitur
801 2617 869 2689 post
891 2627 994 2670 aversa
1010 2607 1123 2688 Indiae,

118 2699 193 2777 apud
216 2698 326 2758 incolas
349 2696 470 2759 Caucasi
490 2701 597 2758 montis
613 2696 779 2771 Phycaros,
800 2694 906 2771 Sacas,
928 2693 1041 2771 Dahas,
1065 2713 1124 2755 am-

118 2782 259 2859 plitudine
284 2783 458 2859 conspicua,
489 2783 541 2842 sed
565 2780 696 2841 fistulosa
720 2796 754 2839 ac
776 2778 903 2839 sordium
934 2780 1038 2858 plena,
1064 2779 1161 2855 sin-30

118 2866 216 2923 cerior
234 2867 489 2943 praestantiorque
506 2865 596 2924 multo
613 2864 643 2922 in
662 2861 829 2942 Carmania,
856 2863 1010 2940 utrobique
1025 2870 1122 2922 autem

116 2950 146 3008 in
162 2946 282 3025 rupibus
305 2948 390 3006 inviis
406 2958 437 3008 et
457 2948 580 3026 gelidis,
601 2947 677 3008 oculi
698 2948 790 3026 ligura
806 2947 983 3008 extuberans
1001 2947 1122 3006 leviter·

76 3044 125 3099 111
137 3050 194 3111 que
208 3031 381 3108 adhaerens,
394 3050 451 3092 nec
464 3041 494 3091 ut
509 3032 611 3094 adnata
627 3035 732 3112 petris,
745 3033 798 3093 sed
813 3040 844 3091 ut
860 3032 1001 3110 adposita.
1024 3049 1122 3109 quam-

118 3116 220 3178 obrem
246 3115 389 3176 scandere
414 3115 522 3177 adeas
549 3118 667 3196 pigritia
689 3118 793 3197 pedum
823 3118 969 3194 equestris
993 3115 1121 3194 populos

119 3201 232 3280 taedet,
256 3199 385 3261 simulet
405 3200 564 3281 periculum
580 3211 689 3281 terret,
713 3219 786 3279 ergo
809 3199 904 3261 lundis
927 3200 1157 3276 elonginquoss

118 3289 269 3347 incessunt
293 3295 323 3346 et
344 3304 408 3346 curn
428 3294 491 3347 toto
512 3305 611 3347 musco
628 3288 785 3347 excutiunt.
823 3284 880 3344 hoc
896 3284 1040 3362 vectigal,
1062 3282 1120 3341 hoc

111 3379 269 3448 gestamen
301 3372 331 3431 in
363 3373 496 3450 cervice,
535 3372 634 3450 digitis
663 3372 858 3448 gratissimum
893 3376 1015 3445 norunt,
1052 3365 1120 3424 hinc

99 3471 230 3534 census,
259 3453 339 3518 haec
361 3457 461 3538 gloria
483 3475 500 3519 a
520 3456 647 3539 pueritia
667 3454 810 3516 deiectum
831 3470 978 3512 numerum
1006 3449 1121 3530 praedi·
