2378 3840
124 198 163 260 48
437 182 441 190 ’
469 207 498 257 c.
515 209 610 273 emm
626 207 775 256 saeuum

82 376 117 432 80
128 374 228 424 torem.
261 361 325 443 [18]
339 361 517 423 Menaechmi
535 362 640 421 vitulus
655 382 732 440 genu
750 365 889 441 premitur
907 363 1045 442 replicata
1059 382 1122 423 cer·

125 443 206 523 vice,
222 448 286 524 ipse
303 445 505 507 Menaechmus
524 447 641 523 scripsit
663 445 698 505 de
714 465 765 505 sua
780 455 852 506 arte.
887 447 951 526 [19]
968 446 1122 524 Naucydes

124 530 270 590 Mercurio
287 539 316 590 et
329 530 481 589 discobolo
498 539 527 589 et
539 530 694 589 inmolante
709 531 830 611 arietem
845 539 993 607 censetur,
1008 529 1121 591 Nauce-

125 634 172 673 rus
194 614 338 673 luctatore
361 613 514 673 anhelante
535 611 592 689 **,
616 611 769 673 Niceratus
787 611 992 692 Aesculapium
1014 623 1043 673 et
1062 613 1119 692 lly-

125 699 199 774 giam
213 699 260 774 qui
278 705 342 756 sunt
362 699 390 756 in
406 695 586 756 Concordiae
603 697 710 774 templo
726 696 846 757 Romae.
870 696 934 775 [20]
951 696 1143 772 Pyromachi5

125 781 263 857 quadriga
289 781 322 839 ab
348 780 501 840 Alcibiade
526 781 648 858 regitur.
691 779 827 856 Polycles
849 779 1120 858 Hermaphroditum

124 863 252 922 nobilem
267 864 354 941 iecit,
369 864 494 940 Pyrrhus
511 861 632 940 Hygiam
648 872 677 922 et
691 863 864 941 Minervam,
880 863 985 923 Phanis
999 863 1119 943 Lysippi

83 957 116 1012 81
130 948 288 1024 discipulus
311 947 504 1025 epithyusan:
534 947 597 1025 [21]
615 946 745 1025 styppax
763 944 886 1025 Cyprius
910 965 966 1006 uno
990 948 1120 1007 celebra-

125 1038 170 1088 tur
191 1033 291 1108 signo,
314 1030 537 1109 splanchnopte,
562 1029 684 1089 Periclis
710 1029 834 1109 Olympii
856 1030 976 1091 vernula
995 1030 1044 1094 ¹hic
1066 1033 1119 1090 luit

124 1122 190 1173 exta
207 1123 322 1174 torrens
337 1117 492 1191 ignemque
506 1115 565 1172 oris
578 1113 657 1192 pleni
673 1115 778 1191 spiritu
794 1114 963 1173 accendens.
990 1114 1155 1180 Silanion1o

123 1195 335 1273 Apollodorum
352 1196 424 1256 fudit
443 1231 481 1240 -
500 1197 630 1255 lictorem
647 1205 676 1256 et
695 1198 805 1274 ipsum,
826 1196 878 1257 sed
898 1199 975 1256 inter
998 1208 1118 1257 cunctos

123 1278 373 1356 diligentissimum
385 1281 453 1339 artis
470 1287 500 1338 et
515 1280 641 1356 iniquom
653 1280 696 1337 sui
712 1279 850 1358 iudicem,
868 1281 973 1340 crebro
986 1282 1118 1359 perlecta

122 1363 204 1439 signa
230 1363 430 1439 frangentem,
460 1361 524 1421 dum
553 1364 652 1423 satiari
684 1362 840 1441 cupiditate
867 1366 936 1422 artis
963 1383 1020 1424 non
1046 1368 1117 1442 quit,

80 1458 113 1514 ea
125 1445 250 1525 ideoque
272 1448 401 1506 insanum
423 1448 662 1523 cognominatum.
692 1446 748 1505 hoc
769 1448 797 1507 in
821 1465 857 1506 eo
877 1450 1044 1525 expressit,
1064 1467 1117 1508 nec

122 1530 266 1590 hominem
284 1549 322 1590 ex
339 1548 406 1590 acre
428 1529 515 1606 fecit,
542 1530 594 1590 sed
611 1529 784 1590 iracundiam
799 1569 839 1577 -
861 1539 889 1591 et
905 1530 1047 1591 Achillem
1067 1550 1153 1598 no-15

122 1613 226 1690 bilem,
257 1613 333 1673 idem
366 1615 520 1692 epistaten'
539 1622 726 1674 exercentem
755 1614 895 1692 athletas,
927 1615 1117 1691 Strongylion

122 1701 294 1757 Amazonem
311 1716 394 1775 quam
412 1698 446 1758 ab
465 1698 639 1758 excellentia
655 1716 769 1757 crurum
784 1716 943 1758 eucnemon
959 1699 1116 1777 appellant,

123 1782 161 1841 ob
175 1782 203 1842 id
221 1784 248 1840 in
264 1783 400 1841 comitatu
414 1780 540 1841 Neronis
565 1782 703 1860 principis
722 1782 922 1842 circumlatam.
956 1783 1031 1842 idem
1046 1782 1117 1842 iecit

122 1883 241 1942 puerum
264 1884 349 1945 quem
369 1864 487 1925 amando
510 1864 615 1925 Brutus
638 1864 845 1943 Philipplensis
866 1868 1039 1943 cognomine
1062 1885 1115 1926 suo

79 1949 295 2015 83inlustravit.
340 1948 403 2028 [22]
424 1947 612 2025 Theodorus,
639 1950 686 2026 qui
712 1948 905 2025 labyrinthum
925 1950 1013 2027 fecit,
1040 1949 1153 2008 Samiae

121 2035 185 2111 ipse
201 2053 234 2092 se
251 2052 288 2092 ex
302 2052 371 2092 aere
387 2032 475 2109 fudit,
500 2041 619 2111 praeter
634 2031 825 2092 similitudinis
840 2033 1000 2094 mirabilem
1015 2033 1117 2093 famam

120 2134 221 2193 magua
240 2117 399 2194 suptilitate
414 2115 588 2176 celebratus.
624 2114 725 2175 dextra
740 2115 834 2175 limam
848 2124 948 2195 tenet,
968 2118 1051 2177 laeva
1068 2119 1116 2176 tri·

121 2199 174 2258 bus
199 2199 296 2277 digitis
314 2199 508 2277 quadrigulam
530 2200 622 2260 tenuit
640 2199 805 2260 translatam
819 2199 997 2278 Praeneste,
1019 2209 1115 2261 tantae

121 2284 273 2360 parvitatis
297 2291 328 2342 ut
354 2282 491 2343 miraculo
521 2283 628 2361 pictam
658 2302 719 2342 cam
742 2302 913 2362 currumque
936 2294 965 2345 et
987 2285 1114 2360 aurigam

120 2369 267 2444 integeret
284 2367 337 2427 alis
353 2367 435 2427 simul
451 2369 527 2428 iacta
541 2386 646 2428 musca.
679 2367 752 2445 [23]Ι
764 2365 947 2428 Xenocrates
964 2367 1113 2426 Tisicratis
1125 2388 1150 2428 25

121 2450 296 2529 discipulus,
318 2459 349 2509 ut
371 2451 418 2510 alii
432 2451 636 2528 Euthycratis,
659 2452 729 2510 vicit
748 2459 889 2529 utrosque
909 2453 1000 2531 copia,
1016 2452 1114 2526 signo·

78 2543 112 2598 84
123 2552 183 2592 rum
201 2543 230 2593 et
246 2534 281 2594 de
297 2551 348 2593 sua
363 2543 425 2594 arte
442 2537 596 2613 conposuit
611 2534 763 2593 solumina.
792 2533 854 2612 [24]
871 2534 972 2596 Plures
987 2534 1113 2594 artifices

121 2617 221 2677 iecere
237 2616 327 2676 Attali
347 2626 377 2676 et
392 2616 529 2678 Eumenis
549 2617 688 2678 adversus
705 2615 804 2676 Gallos
820 2618 950 2696 proelia,
965 2617 1112 2694 Isigonus,

120 2699 312 2775 Pyromachus
322 2743 332 2777 ,
357 2698 559 2778 Stratonicus,
574 2699 738 2778 Antigonus
761 2701 809 2777 qui
825 2701 968 2761 volumina
986 2699 1114 2761 condidit

120 2783 155 2840 de
180 2800 230 2839 sua
252 2791 326 2842 arte.
362 2781 485 2860 Boethi,
515 2800 683 2861 quamquam
702 2791 824 2861 argento
846 2785 995 2863 melioris,
1019 2784 1150 2851 infausao

121 2883 158 2923 ex
174 2866 267 2923 animo
285 2883 417 2925 anserem
432 2865 599 2942 strangulat.
622 2865 719 2944 Atque
735 2885 773 2926 ex
788 2869 918 2928 omnibus
935 2887 1008 2946 quae
1026 2867 1112 2928 retuli

120 2947 278 3007 clarissima
306 2965 438 3026 quaeque
466 2950 494 3007 in
517 2949 589 3009 urbe
613 2951 668 3009 iam
690 2959 755 3010 sunt
777 2950 867 3012 dicata
891 2970 907 3011 a
928 2950 1111 3031 Vespasiano

120 3032 252 3109 prinpre
277 3033 305 3091 in
331 3030 438 3109 templo
455 3031 537 3092 Pacis
560 3032 682 3112 aliisque
704 3036 767 3095 eius
792 3036 948 3114 operibus,
973 3036 1112 3096 violentia

120 3114 246 3175 Neronis
268 3117 297 3176 iu
313 3116 413 3175 urbem
428 3125 569 3176 convecta
586 3126 615 3177 et
631 3119 661 3177 in
676 3117 801 3179 sellariis
818 3119 917 3179 domus
933 3138 1039 3180 aureae
1056 3119 1112 3178 dis·

77 3210 111 3265 85
123 3201 226 3278 posita.
266 3200 329 3281 [25]
348 3199 507 3260 Praeterea
522 3209 587 3260 sunt
610 3202 784 3280 aequalitate
797 3203 948 3263 ’celebrati
972 3204 1149 3279 artifices,as

119 3283 171 3343 sed
191 3285 276 3345 nullis
292 3303 412 3364 operum
428 3301 545 3344 suorum
568 3288 734 3364 praecipui,
755 3285 877 3347 Ariston
894 3290 940 3365 qui
961 3297 990 3348 et
1007 3306 1112 3366 argeu-

118 3375 176 3425 tum
192 3370 304 3430 caclare
321 3369 424 3429 solitus
441 3377 505 3446 est,
522 3365 664 3448 Gallides,
687 3367 818 3447 Ctesias,
836 3368 994 3431 Cantharus
1012 3371 1112 3448 Sicyo-

104 3451 182 3523 nius,
195 3451 436 3530 Dr'onysiodcrus
448 3451 557 3514 Critiae
573 3453 739 3533 discipulus,
753 3453 902 3531 Deliades‚
919 3453 1111 3533 Euphorioni,
