2378 3840
110 173 151 238 11
458 185 489 234 c.
510 185 606 234 11111
621 185 773 235 securum

66 363 101 405 ιι,
116 362 150 396 ns
167 341 242 401 taliis
262 341 394 401 diximus.
426 340 480 400 fuit
501 349 532 401 et
549 348 628 402 terra
645 360 700 421 per
716 360 749 401 se
764 342 794 400 in
810 339 956 402 l'beodoti
968 341 1056 403 fundo
1073 343 1116 402 in·

108 433 196 487 venta
217 423 359 502 Zmyrnae
383 441 438 502 qua
457 432 578 485 veteres
599 425 634 486 ad
655 427 770 486 navium
796 426 924 502 picturas
947 425 1113 486 utebantur.

108 527 183 570 nunc
206 510 298 569 omnis
318 526 356 568 ex
371 507 489 586 plumbo
506 517 537 568 et
555 518 639 569 aceto
656 509 734 569 litut
750 508 883 567 diximus.

65 605 100 660 38
176 592 256 673 (20.)
274 590 348 651 Usta
363 609 433 651 casu
454 600 574 670 reperta
590 601 636 653 est
656 594 685 652 in
707 591 842 653 incendio
858 591 972 653 Piraeei
995 611 1115 653 cerussa

76 678 140 736 erin
163 677 240 737 orcis
262 684 396 736 cremata.
430 674 484 736 hac
505 676 627 754 primum
643 694 712 737 usus
733 684 780 736 est
794 674 893 736 Nicias
909 694 996 754 supra
1011 675 1138 739 dictusc

110 769 227 838 optuma
242 778 317 820 nunc
332 760 463 819 Asiatica
480 759 605 820 habetur
614 803 624 837 ,
640 778 714 838 quae
734 767 764 819 et
778 777 925 838 purpurea
941 760 1113 838 appellatur.

108 845 234 923 pretium
248 844 311 903 eius
328 845 357 902 in
372 842 461 903 libras
483 841 512 902 X
531 856 576 904 vl.
609 845 640 904 lit
655 852 686 904 et
700 843 812 903 Rornae
827 851 956 903 cremato
973 844 1028 904 sile
1043 861 1116 903 mar·

108 944 228 987 moroso
245 935 276 987 et
292 928 434 987 restincto
451 935 544 987 aceto.
588 929 652 988 sine
670 936 736 988 usta
750 945 809 988 non
826 928 896 987 liunt
911 927 1039 988 umbrae.
1057 969 1059 973 -

168 1011 243 1087 (21.)
262 1009 380 1072 Eretria
392 1019 490 1071 terrae
507 1029 578 1072 suae
596 1011 686 1073 babet
703 1029 818 1071 nomen.
852 1011 907 1071 lrac
921 1009 1114 1072 Nicomachus

109 1104 138 1157 et
159 1095 328 1155 Parrhasius
350 1096 405 1155 usi.
448 1096 623 1173 refrigerat,
646 1095 774 1173 emollit,
804 1094 906 1173 explet
922 1095 1060 1171 volnera,
1089 1095 1113 1153 si
1125 1114 1150 1154 ro

108 1187 267 1258 coquatur,
289 1179 325 1238 ad
341 1177 475 1238 siccanda
497 1178 593 1256 utilis,
614 1180 771 1257 praecipua
794 1187 824 1239 et
838 1180 942 1256 capitis
961 1177 1113 1239 doloribus

107 1271 138 1322 et
153 1261 188 1322 ad
208 1259 453 1340 deprehendenda
470 1279 549 1339 pura.
587 1262 711 1322 subesse
728 1263 804 1321 enim
820 1280 856 1322 ea
873 1261 1065 1340 intellegunt,
1088 1265 1113 1322 si

108 1365 146 1407 ex
161 1362 234 1423 aqua
250 1344 331 1405 inlita
344 1362 402 1404 non
421 1352 544 1405 arescat.

65 1441 99 1496 39
169 1428 253 1508 (22.)
275 1428 464 1489 Sandaracam
479 1437 509 1488 et
526 1428 643 1490 ochram
657 1428 727 1489 luba
742 1428 859 1490 tradidit
872 1432 901 1489 in
915 1429 1008 1492 insula
1021 1429 1113 1490 Rubri

106 1514 194 1575 maris
211 1513 330 1593 Topazo
346 1515 443 1589 nasci,
459 1512 512 1573 sed
527 1513 594 1575 inde
610 1531 667 1573 non
682 1513 882 1593 pervehuntur
898 1513 933 1574 ad
948 1531 1013 1574 nos.
1043 1513 1114 1574 San·
1123 1533 1147 1573 ιι

65 1615 100 1660 ιι,
115 1615 148 1652 ιιι
162 1597 265 1658 daraca
283 1596 429 1675 quomodo
451 1597 537 1658 lieret
554 1597 694 1658 diximus.
725 1598 756 1656 lit
774 1596 935 1659 adulterina
955 1607 986 1658 et
1006 1616 1045 1658 ex
1066 1616 1112 1658 ce·

107 1699 190 1741 russa
205 1682 234 1740 in
249 1682 369 1741 fornace
386 1689 480 1741 cocta.
511 1681 595 1742 color
608 1700 677 1742 esse
693 1681 783 1742 debet
798 1681 956 1741 flammeus.
988 1683 1113 1760 pretinm

107 1766 136 1824 in
153 1765 243 1825 libras
259 1782 341 1826 asses
357 1766 444 1864 quini.

63 1857 99 1912 40
171 1848 263 1931 (23.)
271 1848 385 1910 llaec
360 1868 385 1910 sr
401 1857 549 1909 torreatur
559 1866 654 1927 aequa
667 1857 749 1927 parte
764 1848 879 1909 rubrica
891 1848 1033 1925 admixta,
1049 1866 1113 1908 san·

106 1932 208 2009 ducem
224 1928 310 2010 facit,
331 1949 499 2010 quamquam
523 1931 722 1992 animadverto
736 1931 900 2010 Vergilium
926 1934 1146 1993 existimassem

105 2014 226 2077 herbam
240 2016 269 2075 id
285 2035 354 2076 esse
370 2015 422 2075 illo
439 2032 544 2074 versu:

149 2099 290 2176 Sponte
312 2116 377 2159 sua
396 2098 750 2176 sandyxpasoentis
768 2075 918 2161 vestiat
939 2116 1066 2177 agnos.

106 2184 231 2261 pretium
250 2183 279 2241 in
302 2181 391 2242 libras
412 2181 556 2242 dimidium
575 2184 638 2243 eius
655 2184 733 2262 quod
754 2184 938 2246 sandaracae.
972 2201 1027 2243 nec
1045 2190 1111 2243 sunt

106 2266 154 2326 alii
170 2265 227 2326 duo
244 2266 362 2326 colores
377 2267 495 2326 maioris
513 2267 662 2344 ponderis

168 2350 250 2428 (24.)
272 2350 352 2411 lnter
367 2350 500 2411 facticios
517 2360 564 2412 est
579 2360 610 2412 et
625 2352 777 2430 Syricum,
799 2370 858 2432 quo
871 2353 987 2411 minium
1003 2351 1110 2411 sublini
1121 2370 1147 2410 ae

63 2453 95 2496 ιι,
109 2452 142 2490 co
159 2434 291 2495 diximus.
323 2435 354 2494 iit
370 2443 466 2496 autem
482 2434 623 2515 Sinopide
639 2445 669 2496 et
684 2437 810 2512 sandyce
830 2437 936 2493 mixtis.

63 2529 94 2582 41
171 2517 250 2600 (25.)
271 2520 470 2580 Atramentum
485 2536 602 2598 quoque
616 2521 694 2579 inter
708 2519 841 2579 facticios
857 2517 925 2592 erit,
942 2532 1111 2593 quamquam

105 2611 151 2662 est
174 2610 204 2663 et
226 2613 324 2664 terrae
341 2605 476 2681 geminae
494 2604 625 2681 originis.
669 2611 717 2661 aut
738 2601 815 2660 enim
841 2599 997 2676 salsuginis
1022 2599 1109 2660 modo

106 2696 237 2763 emanat,
255 2695 304 2746 aut
321 2695 400 2747 terra
416 2689 481 2766 ipsa
496 2687 626 2765 sulpurei
642 2684 751 2744 coloris
767 2682 874 2743 adhoc
890 2682 1037 2761 probatur.
1066 2685 1107 2743 in·

104 2771 184 2829 venti
209 2777 275 2828 sunt
296 2771 427 2847 pictores
465 2771 513 2847 qui
529 2767 673 2828 carbones
695 2767 822 2827 infectos
847 2767 1010 2866 sepulchris
1037 2767 1145 2834 elio-ao

105 2852 185 2913 dere.
219 2853 373 2928 inportuna
393 2851 466 2912 haec
490 2853 585 2911 omnia
606 2868 639 2911 ac
656 2851 779 2911 novicia.
823 2852 855 2912 lit
871 2853 947 2912 enim
963 2870 979 2911 c
997 2851 1109 2930 fulgine

105 2933 236 3032 pluribus
252 2933 346 2993 modis
361 2937 460 2995 resina
478 2935 527 2995 vei
543 2936 609 3014 pice
625 2937 754 3013 exustis,
773 2944 898 3015 propter
919 2934 998 3018 quod
1020 2937 1110 2996 oiiici·

104 3036 156 3078 nas
176 3018 262 3078 etiam
277 3017 470 3079 aedificavere
492 3019 598 3078 fumum
616 3037 680 3080 eum
698 3037 756 3080 non
773 3021 942 3080 emittentis.
975 3019 1109 3080 laudatis·

106 3104 176 3163 sima
198 3101 303 3163 eodem
324 3101 410 3162 modo
434 3104 466 3162 iit
486 3122 503 3163 e
525 3103 629 3165 taedis
678 3103 856 3165 adulteratur
878 3105 1038 3165 fornacium
1059 3104 1107 3164 ba·

104 3187 302 3264 linearumque
326 3186 455 3265 fulgine,
489 3205 547 3267 quo
573 3188 608 3249 ad
633 3187 778 3249 volumina
801 3188 954 3249 scribenda
979 3197 1105 3248 utuntur.
1116 3204 1141 3244 as

60 3278 96 3334 11
107 3270 179 3330 Sunt
200 3273 248 3350 qui
271 3279 305 3330 et
322 3272 381 3331 vini
396 3273 508 3333 faecem
529 3273 666 3334 siccatam
684 3281 865 3352 excoquant,
887 3272 1107 3350 adfirmentque,

104 3357 129 3415 si
153 3374 191 3415 ex
211 3355 291 3416 bono
311 3357 379 3417 vino
395 3357 469 3417 iacta
487 3358 592 3433 fuerit,
614 3355 705 3417 ludici
730 3358 861 3435 speciem
875 3356 904 3415 id
919 3363 1108 3416 atramentum

90 3439 254 3514 praebere.
288 3438 472 3519 Polygnotus
498 3449 528 3503 et
546 3439 644 3501 Micon
665 3440 851 3502 celeberrimi
872 3442 1002 3519 pictores
1017 3437 1109 3498 111111-
