2378 3840
269 199 349 246 nnn.
370 200 461 248 n1su.
482 201 603 248 xxxvr.
620 198 740 251 22-24.
762 198 912 268 119-57.)
1034 188 1092 249 137

91 355 178 415 tertia
200 371 268 432 pars
288 353 424 432 addatur,
446 354 550 415 melior
570 356 689 415 materia
715 356 781 414 erit.
814 355 849 416 ab
865 355 1042 434 Appennino
1058 351 1093 414 ad

91 437 197 498 Padum
211 439 359 499 invenitur
376 438 512 515 fossicia,
531 457 585 498 nec
601 447 680 499 trans
695 440 791 498 maria.

154 556 237 633 (55.)
255 556 412 616 Ruinarum
428 556 508 615 urhis
525 574 560 616 ea
573 574 704 643 maxume
721 574 818 633 eausa,
834 554 910 634 quod
922 556 1000 615 lurto
1017 552 1073 614 cal·
1086 560 1138 618 176

91 640 133 699 cis
153 642 216 700 sina
231 640 373 700 ferumine
389 656 443 699 suo
462 647 611 700 caementa
626 647 837 719 conponuntur.
862 640 960 699 intrita
976 655 1094 716 quoque

68 742 126 784 sea
150 741 207 801 quo
232 725 376 783 vetustior
401 741 438 783 eo
454 723 569 783 melior.
602 724 631 782 in
649 725 832 801 antiquorum
847 723 962 784 aedium
976 721 1094 800 legibus

89 808 237 867 invenitur
249 826 285 866 ne
297 809 467 868 recentiore
480 809 563 868 trima
574 815 707 867 uteretur
722 805 899 886 redemptor.
918 806 986 866 ideo
996 804 1094 865 nullae

90 891 215 951 tectoria
237 907 337 950 eorum
356 893 446 952 rimae
462 890 634 952 foedavere.
672 889 859 967 lectorium,
881 891 936 951 nisi
952 888 1031 968 quod
1047 896 1095 947 ter

89 974 230 1034 harenato
243 977 326 1036 ethis
341 983 514 1036 marmorato
527 973 670 1034 inductum
681 980 737 1048 est,
748 990 897 1051 numquam
910 977 980 1033 satis
997 971 1094 1050 splen·

89 1057 169 1117 doris
184 1056 281 1117 habet.
318 1056 464 1135 uliginosa
485 1064 515 1115 et
536 1056 584 1115 ubi
600 1055 720 1132 salsugo
737 1056 820 1115 vitiat
836 1063 969 1116 testaceo
986 1055 1093 1115 sublini

56 1139 198 1200 routilius.
235 1139 269 1200 ln
285 1138 427 1201 Graeciae
448 1141 581 1200 tectoriis
603 1140 691 1199 etiam
705 1138 871 1199 harenatum
896 1154 952 1213 quo
993 1139 1073 1199 indu·
1086 1147 1136 1205 177

90 1226 162 1284 cturi
178 1231 243 1284 sunt
259 1225 338 1302 prius
354 1227 385 1283 in
399 1225 540 1284 mortario
555 1222 662 1300 ligneis
680 1223 812 1283 vectibus
825 1223 971 1300 subigunt.
1004 1241 1094 1303 expe·

90 1309 242 1368 rimentum
263 1308 427 1368 marmorati
448 1315 495 1368 est
514 1307 544 1367 in
563 1306 728 1384 subigendo
752 1306 847 1366 donec
866 1315 948 1367 rutro
970 1324 1029 1367 non
1045 1323 1094 1366 co-

89 1391 227 1467 haerent,
247 1399 348 1451 contra
369 1393 398 1450 in
418 1391 531 1451 albario
550 1407 644 1468 opere
667 1399 698 1449 ut
713 1398 859 1449 macerata
876 1390 942 1450 calx
960 1408 1015 1449 ceu
1031 1389 1094 1466 glu-

92 1477 149 1534 tina
178 1473 306 1534 haereat.
348 1475 487 1533 macerari
515 1490 574 1532 non
603 1474 659 1532 nisi
680 1471 815 1548 glaebam
843 1480 970 1550 oportet.
1008 1471 1094 1531 Elide

56 1577 79 1616 ιι
89 1557 170 1617 aedis
187 1563 234 1616 est
248 1554 400 1616 Minervae
414 1558 443 1615 in
459 1573 515 1634 qua
529 1555 622 1615 frater
636 1554 756 1616 Phidiae
772 1553 923 1614 Panaenus
939 1557 1095 1614 tectorium

89 1640 201 1700 induxit
223 1638 299 1699 lacte
324 1658 341 1698 e
369 1656 456 1698 croco
479 1638 645 1716 subactum,
674 1646 704 1697 ut
725 1638 841 1715 lerunt,
864 1636 950 1715 ideo,
974 1639 998 1697 si
1018 1646 1093 1698 tera·

90 1732 135 1782 tur
156 1721 245 1783 hodie
270 1724 298 1782 in
320 1739 357 1783 eo
381 1722 471 1782 saliva
492 1721 620 1800 pollice,
651 1721 771 1782 odorem
795 1723 875 1782 croci
898 1739 1094 1802 saporemque

89 1806 192 1867 reddit.

153 1914 236 1994 (56.)
258 1913 415 1975 Columnae
437 1913 559 1974 eaedem
573 1912 691 1973 densius
715 1915 832 1993 positae
848 1915 1013 1975 crassiores
1034 1915 1074 1971 vi·
1086 1923 1138 1978 178

55 2001 202 2061 addentur.
237 2016 348 2077 genera
364 2016 462 2059 earum
480 2005 632 2078 quattuor:
649 2015 724 2076 quae
743 2005 856 2058 sextam
870 2006 983 2078 partem
998 1997 1093 2056 altitu·

90 2085 164 2145 dinis
181 2086 209 2143 in
226 2083 420 2143 crassitudine
437 2083 492 2142 ima
508 2081 616 2142 hahent
631 2080 762 2144 Doricae
777 2090 935 2159 vocantur,
954 2099 1028 2160 quae
1043 2097 1094 2141 no·

89 2186 154 2227 nam
169 2166 302 2242 lonicae,
326 2184 401 2242 quae
424 2174 583 2243 septumum
597 2165 792 2242 Tuscanicae,
809 2164 969 2226 Corinthiis
993 2163 1096 2225 eadem

86 2251 165 2311 ratio
188 2265 262 2325 quae
283 2247 408 2324 Ionicis,
430 2255 461 2307 et
482 2247 663 2325 dillerentia,
690 2253 826 2328 quioniam
840 2249 974 2328 capitulis
992 2247 1095 2309 Corin-

90 2334 212 2394 thiarum
233 2331 335 2392 eadem
357 2339 403 2390 est
424 2329 544 2390 altitudo
560 2350 635 2409 quae
651 2331 801 2410 colligitur
817 2334 1009 2393 crassitudine
1027 2334 1094 2408 ima,

45 2416 217 2495 asideoque
233 2415 407 2493 graciliores
429 2413 581 2491 videntur,
599 2414 706 2475 lonicis
728 2416 805 2475 enim
822 2414 945 2492 capituli
971 2414 1094 2474 altitudo

91 2502 178 2561 tertia
195 2517 262 2578 pars
278 2507 324 2559 est
339 2497 549 2560 crassitudinis.
573 2500 689 2575 antiqua
706 2500 781 2559 ratio
798 2508 862 2559 erat
878 2498 1074 2559 columnarum
1086 2507 1138 2564 179

90 2583 248 2643 altitudinis
263 2583 350 2643 tertia
362 2600 429 2661 pars
441 2580 622 2642 latitudinum
633 2581 756 2642 delubri.
779 2583 813 2642 in
824 2580 973 2660 Ephesiae
983 2580 1094 2642 Dianae

90 2667 164 2727 aede
188 2684 263 2745 quae
290 2667 370 2743 prius
392 2667 445 2725 luit
467 2667 588 2745 primum
615 2664 757 2726 columnis
782 2668 879 2743 spirae
908 2664 1042 2725 subditae
1065 2673 1096 2726 et

91 2750 216 2830 capitula
233 2736 344 2825 addita,
361 2749 529 2827 placuitque
548 2748 707 2809 altitudinis
726 2757 829 2809 octava
852 2767 919 2827 pars
945 2750 975 2808 in
991 2751 1095 2810 crassi·

55 2852 81 2894 ao
90 2835 189 2895 tudine
213 2842 245 2894 et
268 2841 299 2892 ut
324 2833 423 2910 spirae
448 2831 593 2893 haberent
610 2832 810 2893 crassitudinis
830 2832 976 2893 dimidium
996 2841 1095 2912 septu-

89 2935 211 2995 maeque
227 2925 326 2996 partes
338 2914 564 2977 detraherentur
575 2917 959 2982 summarumcrassitudine.
976 2924 1095 2996 praeter

89 3001 163 3062 haec
179 3011 245 3062 sunt
261 3019 335 3080 qnae
353 3009 495 3061 vocantur
507 3000 624 3061 Atticae
641 3000 794 3062 columnae
806 3003 954 3080 quaternis
971 2998 1095 3076 angulis,

90 3087 152 3164 pari
168 3085 291 3145 laterum
306 3084 472 3145 intervallo.

153 3192 203 3254 24.
226 3193 309 3273 (57.)
334 3192 429 3254 (lalcis
452 3202 482 3253 et
501 3195 530 3253 in
549 3191 692 3254 medicina
706 3211 826 3271 magnus
845 3211 924 3253 usus.
955 3190 1073 3268 eligitur
1088 3199 1140 3254 180

54 3298 79 3342 as
90 3296 196 3341 recens
212 3295 268 3338 nec
283 3278 425 3357 adspersa
440 3279 534 3356 aquis,
549 3278 618 3353 urit,
634 3277 763 3353 discutit,
779 3275 906 3338 extrahit
917 3274 1096 3352 incipientis·

91 3382 147 3442 que
158 3381 283 3443 serpere
295 3363 425 3423 ulcerum
437 3363 562 3439 impetus
574 3369 704 3422 coercet.
728 3369 812 3421 aceto
828 3368 858 3421 et
870 3376 995 3420 rosaceo
1007 3359 1096 3417 mixta

91 3456 178 3526 atque
198 3447 300 3527 inlita,
318 3464 386 3508 mox
401 3464 470 3507 cera
488 3454 576 3524 atque
591 3463 716 3507 rosaceo
736 3452 896 3523 temperata
910 3443 1048 3520 perducit
1060 3440 1107 3496 ad
