2378 3840
313 214 393 262 nau.
416 212 507 260 nisu.
528 213 661 259 xxxam.
681 213 706 264 5.
729 200 879 277 (tu-19.)
1036 197 1093 260 155

97 367 206 444 excipit
226 367 255 424 in
271 366 327 427 line
342 367 434 426 visum
450 368 558 426 candor
573 367 629 426 hic.
667 365 775 425 coloris
794 373 860 424 sunt
881 367 950 424 item
964 365 1033 423 vitia
1049 383 1094 424 ca·

98 448 308 527 pillamentum,
328 450 387 527 sal,
408 450 581 528 plumbago,
597 467 670 527 quae
686 450 844 508 communia
864 451 927 508 iere
943 455 1016 507 suut.
1045 447 1135 512 Abbi)

96 534 141 593 his
156 532 323 611 Aethiopici
342 533 492 593 laudantur
506 534 541 592 ab
558 526 653 611 Copto
671 532 781 592 dierum
801 533 925 608 itinere,
944 539 974 589 ut
990 538 1092 590 auctor

96 625 142 677 est
158 614 242 692 luha,
257 615 351 693 XXV,
368 619 475 677 acriter
489 617 615 693 virides,
636 614 688 675 sed
710 632 767 675 non
781 615 866 675 lacile
882 616 946 693 puri
961 621 1010 672 aut
1026 631 1094 672 con-

60 700 225 761 'scolores
248 700 431 760 Democritus
448 701 477 759 in
494 699 551 759 hoc
565 718 677 776 genere
694 700 775 776 ponit
791 696 961 758 llermiaeos
977 706 1007 756 et
1023 697 1092 756 Per·

97 786 191 860 sicus,
212 784 280 844 illos
301 785 520 842 intumescentis
536 784 697 860 pinguiter,
720 780 856 842 Persicos
872 799 944 842 vero
962 799 1019 840 non
1037 789 1093 839 tra-

97 866 208 927 lucidus
227 867 279 927 sed
300 865 413 926 iucundi
434 867 546 925 tenoris
560 868 652 924 visum
674 865 789 943 inplere
810 883 895 943 quem
915 883 972 925 non
993 865 1092 924 admit·

97 959 176 1024 tant,
198 951 296 1009 lelium
312 949 572 1027 pantherarumque
589 950 681 1008 oculis
697 948 816 1025 similis,
838 966 960 1026 namque
977 957 1006 1008 et
1023 947 1091 1007 illos

96 1033 209 1092 radiare
230 1051 284 1092 nec
307 1034 445 1111 perspici.
489 1032 607 1092 eosdem
628 1035 658 1091 in
683 1033 748 1092 sole
771 1033 922 1108 hebetari,
944 1031 1091 1091 inumbra

62 1116 211 1192 rotulgere
239 1125 269 1176 et
295 1116 410 1192 longius
439 1133 521 1192 quam
544 1125 663 1176 ceteros
687 1118 792 1175 nitere.
833 1115 963 1174 Omnium
988 1114 1134 1179 horumto

96 1202 249 1260 etiamnum
270 1202 369 1259 vitium
392 1198 468 1277 quod
489 1199 567 1259 fellis
587 1199 717 1259 colorem
739 1208 787 1258 aut
806 1201 881 1258 acris
898 1199 956 1259 olei
972 1198 1090 1274 habent,

96 1282 211 1343 dilucidi
227 1283 342 1361 quidem
355 1300 390 1342 ac
407 1282 518 1361 liquidi,
534 1283 586 1343 sed
600 1301 658 1342 non
670 1282 788 1342 virides.
819 1283 892 1343 haec
906 1284 977 1341 vitia
996 1284 1026 1341 in
1041 1282 1091 1340 llt·

96 1369 160 1426 ticis
182 1385 312 1426 maxume
336 1367 499 1426 sentiuntur
519 1368 547 1424 in
568 1368 741 1442 argentariis
766 1366 890 1425 metallis
914 1368 1041 1443 repertis
1063 1368 1111 1433 in,

96 1450 162 1509 loco
186 1451 232 1525 qui
249 1449 392 1507 Thoricos
414 1457 549 1523 vocatur,
572 1467 688 1526 semper
709 1451 800 1507 minus
821 1451 962 1527 pingues,
986 1448 1038 1507 sed
1054 1466 1092 1508 ex

62 1550 85 1590 aa
96 1532 255 1608 longinquo
280 1532 489 1608 speciosiores.
524 1531 664 1609 frequens
691 1541 737 1590 est
763 1534 791 1590 in
808 1532 853 1591 bis
870 1541 899 1590 et
921 1530 1088 1608 plumbago,

95 1615 152 1674 hoc
167 1622 213 1673 est
231 1623 262 1673 ut
282 1614 311 1673 in
329 1613 394 1673 solo
410 1613 536 1691 plumbei
552 1613 710 1674 rideantur.
738 1614 807 1676 illud
824 1615 990 1693 peculiare,
1014 1615 1091 1692 quod

96 1698 208 1775 quidam
224 1716 261 1756 ex
275 1697 320 1756 his
337 1706 503 1774 senescunt,
515 1697 661 1774 paullatim
673 1698 817 1758 viriditate
834 1697 965 1773 evanida,
980 1707 1011 1757 et
1027 1699 1090 1758 sole

96 1799 212 1859 quoque
238 1780 398 1841 laeduntur.
441 1779 512 1841 Post
538 1780 591 1840 hos
620 1780 725 1841 Medici
752 1781 910 1860 plurumum
938 1782 1131 1846 varietatistl

95 1863 223 1940 habent,
243 1863 384 1924 interdum
407 1864 513 1942 aliquid
532 1873 562 1923 et
579 1883 595 1924 e
611 1867 738 1943 sappiro.
774 1864 801 1923 hi
824 1873 890 1925 sunt
907 1864 1041 1924 lluctuosi
1058 1883 1091 1924 ac

60 1963 191 2008 aerenum
206 1950 346 2025 imagines
362 1949 516 2026 conplexi,
534 1966 708 2027 papaverum
723 1948 806 2008 verbi
825 1949 919 2026 gratia
935 1956 983 2006 aut
998 1950 1092 2007 avium

95 2032 312 2110 catulorumque
325 2031 371 2091 vel
386 2034 543 2110 pinnarum.
560 2033 608 2109 qui
624 2041 719 2092 tamen
730 2032 839 2093 virides
854 2034 932 2092 nasci
945 2032 1090 2108 videntur,

96 2117 229 2192 quoniam
250 2116 318 2174 oleo
338 2116 477 2175 meliores
501 2116 587 2191 liunt,
610 2134 705 2193 neque
721 2125 767 2176 est
783 2116 906 2176 aliorum
923 2115 1088 2193 magnitudo

95 2196 226 2275 amplior.
258 2195 445 2256 calchedonii
463 2200 563 2257 nescio
579 2216 614 2256 au
632 2201 660 2257 in
677 2207 767 2258 totum
784 2199 993 2283 caelaverunt,
1009 2207 1088 2276 post·
1099 2208 1133 2263 Π

96 2296 178 2357 quam
200 2278 315 2339 metalla
337 2282 413 2338 aeris
439 2280 478 2338 ibi
499 2280 686 2355 deiecerunt,
708 2289 875 2358 etsemper
896 2291 990 2341 tamen
1013 2282 1091 2340 vilis-

59 2363 158 2422 asini
179 2363 263 2423 fuere
287 2364 472 2439 minnmique,
496 2361 583 2421 iidem
601 2363 721 2439 fragiles
749 2371 779 2421 et
804 2364 913 2423 coloris
935 2365 1037 2423 incerti
1060 2372 1091 2422 et

20 2486 24 2493 -
93 2448 247 2506 virentium
262 2447 291 2506 in
305 2444 402 2504 caudis
418 2445 560 2523 pavonum
582 2445 835 2524 columbarumque
856 2446 965 2505 ecollo
987 2446 1090 2525 plumis

95 2530 228 2589 similiter
253 2529 288 2589 ad
315 2528 530 2589 inclinationem
555 2530 646 2604 magis
671 2538 718 2589 aut
744 2531 835 2589 minus
858 2528 960 2606 lucidi,
985 2532 1089 2590 venosi

94 2612 180 2672 iidem
202 2614 415 2690 squamosique.
452 2621 515 2673 erat
536 2621 566 2671 et
586 2612 733 2689 peculiare
754 2615 783 2672 in
805 2614 841 2672 iis
858 2614 956 2671 vitium
973 2616 1087 2672 sarcion
1099 2623 1133 2678 73

95 2694 284 2772 appellatum,
302 2696 358 2753 hoc
379 2704 425 2754 est
440 2695 578 2774 quaedam
595 2714 725 2772 gemmae
740 2713 819 2755 caro.
847 2713 929 2755 mons
948 2704 995 2756 est
1011 2697 1090 2755 iuxta

59 2788 85 2829 ³⁰
96 2775 308 2837 Calchedonem
330 2778 359 2835 in
377 2796 433 2855 quo
450 2779 624 2856 legebantur
638 2777 837 2856 Zmaragdites
850 2787 981 2838 vocatus.
1020 2778 1091 2839 luha

95 2868 260 2920 auctorest
282 2861 461 2938 zmaragdum
481 2881 563 2940 quam
583 2863 701 2923 chloran
716 2871 823 2923 vocent
844 2865 873 2922 in
889 2863 998 2922 Arabia
1013 2861 1091 2921 aedi·

95 2945 225 3004 ticionum
253 2945 428 3003 ornamentis
455 2945 560 3005 includi
589 2955 619 3005 et
645 2946 767 3024 lapidem
792 2965 877 3025 quem
903 2946 1089 3006 alabastriten

95 3028 236 3104 Aegyptii
256 3035 379 3102 vocent,
401 3027 557 3104 conplures
580 3047 652 3087 vero
675 3037 704 3088 et
724 3032 753 3088 in
775 3031 923 3109 proxumis
944 3029 1089 3089 montibus

96 3118 126 3170 et
143 3112 172 3168 in
188 3108 320 3185 Taygeto
337 3112 400 3169 erui
416 3109 535 3170 hledicis
553 3111 653 3170 similis
670 3121 700 3171 et
715 3113 789 3172 alios
806 3116 834 3172 in
849 3112 958 3172 Sicilia.

59 3206 85 3248 as
153 3193 236 3271 (19.)
256 3192 399 3253 Inseritur
414 3193 571 3270 zmaragdis
588 3202 618 3252 et
633 3211 707 3271 quae
720 3205 841 3255 vocatur
859 3204 941 3255 tanos
957 3193 1085 3255 ePersis
1097 3204 1129 3259 'tt

94 3278 215 3339 veniens
239 3294 351 3353 gemma
375 3280 488 3354 ingrate
509 3277 609 3335 uiridis
634 3285 720 3354 atque
741 3280 817 3337 intus
839 3277 971 3355 sordida,
990 3277 1089 3337 itidem

94 3360 365 3436 chalcosmaragdos
377 3360 511 3437 eGypro,
524 3359 636 3420 turbida
648 3363 744 3422 aereis
756 3363 848 3421 venis.
871 3361 1087 3440 Theophrastus

94 3445 180 3504 tradit
201 3447 229 3503 in
249 3445 462 3522 Aegyptiorum
488 3447 700 3504 commentariis
723 3447 848 3523 reperiri
870 3447 934 3522 regi
956 3463 1098 3504 eoruma
