2378 3840
293 208 373 256 aar.
395 206 612 256 1111111111.
633 204 734 259 1111.
758 195 909 273 (ta—47.)
1066 197 1105 258 97

101 362 284 422 nobilitatem
299 371 329 422 et
344 362 492 422 Arretium
510 363 539 421 in
554 360 653 438 ltalia,
676 370 707 422 et
721 361 841 423 calicum
859 369 967 420 tantum
982 362 1103 424 Surren-

102 454 178 522 tum,
194 446 285 522 Asta,
306 444 467 522 Pollentia,
486 447 515 505 in
526 444 663 523 Hispania
678 444 847 523 Saguntum,
861 446 892 504 in
907 443 979 505 Asia
995 446 1104 523 Perga·

102 547 185 588 mum.
223 527 331 590 habent
353 538 383 590 et
399 529 505 589 Trallis
528 529 569 589 ibi
586 546 677 607 opera
695 547 746 589 sua
764 538 794 588 et
817 530 846 587 in
863 528 945 588 ltalia
965 527 1145 607 lllutiua,161

102 613 235 690 quoniam
252 622 282 673 et
297 615 340 673 sic
354 623 458 691 gentes
474 612 664 673 nobilitantur
682 622 712 672 et
727 611 799 672 haec
816 629 934 690 quoque
950 631 1004 692 per
1016 616 1105 675 maria

77 704 194 756 aterras
213 696 290 757 ultro
308 699 383 757 citro
400 706 554 775 portantur
575 696 737 773 insignibus
754 704 838 756 rotae
862 697 996 756 cilicinis.
1032 696 1104 776 Erp-

101 779 173 839 thris
187 781 217 841 in
229 781 339 859 templo
351 780 499 858 hodieque
513 778 703 840 ostenduntur
717 779 874 858 amphorae
891 779 964 841 duae
979 790 1104 860 propter

100 865 270 924 tenuitatem
284 874 477 925 consecratae
492 863 626 940 discipuli
642 865 832 941 magistrique
848 866 1024 942 certamine,
1038 874 1104 926 uter

99 949 264 1007 tenuiorem
275 947 388 1007 humum
401 948 531 1008 duceret,
551 946 621 1007 Cois
633 946 695 1006 laus
709 946 1009 1024 maxum‘a,Hadrianis
1018 949 1103 1008 firmi-

98 1038 154 1107 tas,
166 1031 312 1091 nonnullis
329 1033 406 1090 circa
421 1031 478 1090 hoo
494 1032 660 1091 severitatis
676 1048 792 1108 quoque
813 1030 963 1109 exemplis.
984 1029 1017 1103 Q.
1028 1029 1083 1092 Co·
1096 1040 1147 1097 161

63 1114 217 1191 soponium
230 1115 390 1174 invenimus
405 1114 528 1175 ambitus
543 1113 712 1192 damnatum,
728 1115 860 1193 quiavini
874 1114 1039 1193 amphoram
1055 1114 1104 1176 de·

99 1196 192 1257 disset
206 1197 283 1258 dono
305 1200 333 1259 ei
350 1201 395 1259 cui
413 1199 532 1279 suffragi
550 1198 620 1258 latio
637 1206 709 1259 erat.
749 1207 854 1276 atque,
870 1208 901 1258 ut
917 1218 934 1258 e
949 1199 1018 1258 luxu
1035 1217 1105 1277 quo·

98 1299 154 1358 que
177 1281 272 1360 aliqua
294 1285 444 1362 contingat
465 1285 622 1344 auctoritas
648 1282 772 1360 figlinis,
796 1285 988 1362 tripatinium,
1011 1285 1103 1362 inquit

97 1364 284 1444 Fenestella,
309 1368 512 1446 appellabatur
528 1385 634 1427 summa
649 1384 784 1427 cenarum
799 1366 918 1426 lautitia.
963 1385 1017 1425 uua
1040 1378 1103 1426 erat

97 1465 296 1526 murenarum,
322 1451 415 1510 altera
438 1450 587 1528 luporum,
612 1451 697 1509 tertia
720 1452 801 1508 mixti
823 1452 932 1526 piscis,
958 1449 1101 1508 inclinatis

64 1549 88 1588 ru
98 1531 154 1589 iam
169 1530 283 1591 seilicet
297 1533 445 1608 moribus,
459 1540 490 1591 ut
508 1541 604 1592 tamen
621 1549 673 1591 eos
690 1532 842 1610 praeferre
860 1530 1001 1591 Graeciae
1017 1533 1104 1592 etiam

97 1613 282 1692 philosophis
303 1616 468 1693 possimus,
495 1615 636 1693 siquidem
653 1617 683 1673 in
698 1614 871 1674 Aristotelis
895 1614 1034 1674 heredum
1056 1633 1104 1675 au·

97 1699 195 1758 ctione
216 1696 296 1756 LXX
324 1699 435 1776 patinas
457 1700 575 1758 venisse
597 1696 727 1758 traditur.
747 1715 897 1756 noscam
918 1717 1001 1758 unam
1023 1699 1082 1760 he·
1093 1709 1146 1764 163
1167 1741 1170 1746 ·

66 1790 84 1819 ⁶
98 1782 163 1859 sopi
185 1782 402 1859 tragoediarum
425 1781 577 1843 histrionis
598 1783 628 1841 in
655 1789 755 1841 natura
777 1783 870 1841 avium
891 1781 1054 1841 diceremus
1071 1801 1100 1844 ao.
1113 1803 1144 1838 nr

97 1867 244 1926 sestertiis
260 1867 437 1943 1111111111,
453 1884 511 1926 non
526 1866 627 1926 dubito
638 1865 804 1942 indignatos
817 1864 963 1942 legentis,
976 1874 1015 1942 at,
1031 1864 1103 1924 ller-

61 1949 196 2028 aocules,
215 1950 354 2012 Vitellius
378 1953 408 2011 in
429 1953 591 2030 principatu
615 1967 668 2011 suo
687 1945 727 2034 lii
745 1949 799 2009 HS.
825 1949 952 2010 condidit
967 1951 1102 2028 patinam,

97 2036 142 2093 cui
157 2034 308 2096 faciendae
324 2037 429 2096 fornax
440 2037 470 2096 in
487 2037 595 2114 campis
613 2036 803 2096 exaedificata
818 2043 898 2112 erat,
915 2035 1050 2112 quoniam
1065 2050 1102 2094 eo

96 2121 233 2194 pervenit
253 2119 367 2179 luxuria
391 2128 421 2178 ut
437 2121 523 2178 etiam
543 2120 641 2179 fictilia
659 2120 751 2198 pluris
773 2126 910 2179 constent
930 2136 1013 2196 quam
1028 2136 1102 2176 mur·

96 2203 169 2260 rina.
201 2211 325 2277 propter
347 2201 420 2260 hano
435 2200 584 2261 Mucianus
606 2203 700 2262 altero
719 2203 871 2263 consulatu
895 2221 948 2262 suo
965 2205 995 2262 in
1015 2210 1146 2266 con-164

98 2277 253 2359 questione
281 2283 473 2362 exprobravit
497 2287 657 2360 patinarum
675 2285 787 2362 paludis
805 2285 907 2346 Vitelli
931 2288 1101 2362 memoriae,

61 2383 155 2426 asnon
178 2367 227 2426 1111
248 2367 383 2428 foediore
403 2368 485 2426 cuius
506 2385 622 2426 veneno
642 2367 800 2446 Asprenati
826 2385 879 2428 reo
905 2365 1023 2427 Cassius
1050 2368 1102 2427 Se·

96 2463 184 2511 verus
203 2460 354 2512 accusator
376 2451 524 2512 obiciebat
548 2450 686 2511 interisse
709 2452 847 2511 convivas
869 2448 987 2509 CXXX.
1018 2450 1101 2509 nobi·

95 2534 214 2595 litantur
230 2536 275 2596 his
292 2554 410 2615 quoque
431 2535 553 2615 oppida,
574 2543 605 2594 ut
625 2533 769 2611 Rhegium
785 2543 814 2593 et
832 2531 949 2594 Cumae.
988 2533 1081 2593 Samia
1094 2545 1143 2598 165

97 2626 173 2678 testa
191 2619 293 2680 Matris
315 2620 400 2680 deum
418 2620 588 2680 sacerdotes
608 2620 655 2697 qui
677 2617 751 2677 Galli
773 2625 913 2676 vocantur
932 2617 1099 2677 virilitatem

96 2711 263 2780 amputare,
284 2722 339 2763 nec
362 2704 448 2764 aliter
463 2706 534 2763 citra
556 2704 731 2781 perniciem,
759 2700 796 2761 bl.
814 2699 915 2761 Caelio
937 2701 1099 2778 credamus,

60 2787 144 2862 acqui
162 2785 290 2864 linguam
306 2789 349 2846 sic
372 2788 568 2866 amputandam
587 2788 697 2847 obiecit
712 2788 794 2863 gravi
810 2785 939 2864 probro,
958 2794 1099 2863 tamquam

97 2871 207 2945 etipse
225 2872 280 2930 iam
296 2871 478 2931 tuno‘eidem
499 2870 622 2932 Vitellio
641 2870 837 2930 malediceret.
872 2867 959 2947 quid?
975 2886 1032 2928 non
1050 2889 1099 2930 ex-

96 2955 237 3030 cogitavit
247 2956 306 3014 vita
320 2955 420 3015 fractis
436 2957 523 3015 etiam
540 2959 624 3015 testis
636 2955 743 3014 utendo
759 2956 802 3014 sic
817 2962 848 3013 ut
862 2953 970 3013 firmius
982 2953 1097 3029 durent,

96 3039 188 3096 tunsis
208 3037 288 3098 calce
311 3039 405 3097 addita
427 3057 501 3117 quae
515 3048 621 3100 vocant
639 3035 778 3115 Signina?
808 3055 865 3116 quo
887 3056 999 3115 genere
1016 3039 1100 3095 etiam

95 3122 259 3199 pavimenta
276 3124 465 3199 excogitavit.

60 3235 85 3275 35
140 3207 188 3268 13.
208 3206 288 3284 (47.)
311 3204 421 3265 Verum
446 3216 476 3266 et
500 3208 592 3286 ipsius
616 3213 713 3266 terrae
738 3215 803 3266 sunt
825 3206 880 3265 alia
906 3211 1142 3266 1111111111166

96 3290 160 3368 quis
183 3292 259 3350 enim
274 3292 344 3350 satis
362 3293 484 3350 miretur
503 3308 667 3370 pessumam
682 3292 745 3350 elus
762 3298 873 3369 partem
893 3289 1020 3366 ideoque
1038 3287 1099 3366 pul-

95 3391 197 3434 verem
213 3374 387 3454 appellatam
402 3376 431 3434 in
447 3373 614 3434 Puteolanis
629 3374 753 3434 collibus
770 3375 878 3453 opponi
901 3374 987 3433 maris
1008 3372 1099 3432 1111111-

10 3496 15 3512 1
96 3455 162 3534 bus,
174 3477 360 3537 mersumque
376 3460 509 3537 protinus
525 3459 589 3519 lieri
606 3457 732 3537 lapidem
747 3477 831 3518 unum
843 3456 1113 3535 inexpugnabilem

137 3558 214 3601 rnrnr
229 3559 298 3604 nar.
313 3560 392 3608 11111.
410 3543 448 3603 V.
932 3547 955 3597 'l
