2378 3840
377 397 412 478 U.
439 394 567 478 Plllll
595 393 796 478 studim

284 549 573 642 triduanis
600 546 882 642 llllldlllill

423 713 583 777 cinna
609 711 776 776 xxxin.

524 870 674 879 ,-

143 987 236 1065 (Sect.
260 991 300 1066 1.)
327 988 444 1048 lletalla
466 1007 539 1048 nunc
560 991 699 1064 ipsaeque
722 1005 794 1064 opes
817 997 846 1046 et
871 1005 965 1046 rerum
981 989 1100 1065 pretiat

79 1073 212 1131 dicentur
240 1071 373 1130 tellurem
400 1074 475 1131 intus
506 1073 679 1147 exquirente
706 1089 774 1129 cura
802 1069 951 1147 multiplici
978 1071 1075 1145 modo,

79 1156 188 1232 quippe
204 1153 273 1213 alibi
282 1153 398 1214 ¹divitiis
414 1155 522 1214 luditur
536 1162 696 1233 quaerente
710 1156 768 1213 vita
780 1172 895 1230 aurum,
914 1163 1074 1231 argentum,

39 1247 41 1252 '
80 1239 236 1312 electrum,
255 1256 323 1314 aes,
347 1239 414 1298 alibi
432 1239 544 1298 deliciis
559 1254 687 1315 gemmas
705 1246 734 1297 et
749 1239 890 1315 parietum
906 1237 1074 1314 digitorum·

57 1339 135 1399 sque
152 1323 313 1398 pigmenta,
331 1321 399 1381 alibi
419 1323 573 1382 temeritati
588 1323 696 1381 ferrum
715 1338 784 1380 auro
805 1322 890 1380 etiarn
908 1322 1018 1397 gratius
1034 1323 1074 1378 in-

79 1413 125 1464 ter
140 1404 217 1464 bella
236 1404 399 1482 caedisque.
426 1405 627 1482 persequimur
648 1405 739 1462 omnis
759 1405 821 1462 eius
838 1404 924 1462 libras
940 1405 1073 1461 vivimus-

79 1505 135 1565 que
151 1503 240 1562 super
258 1494 440 1561 excavatam,
461 1488 598 1545 mirantes
622 1485 776 1545 dehiscere
799 1484 951 1561 aliquando
970 1495 1018 1544 aut
1033 1488 1074 1544 in·

79 1579 260 1629 tremescere
281 1568 374 1644 illam,
400 1587 454 1628 ceu
482 1586 553 1627 vero
580 1585 638 1626 uon
666 1567 723 1626 hoc
748 1567 945 1643 indignatione
974 1587 1073 1628 sacrae

79 1654 209 1731 parentis
231 1646 352 1730 exprimi
375 1653 478 1729 possit.
524 1652 595 1710 imus
621 1651 650 1709 iu
677 1651 792 1709 viscera
820 1658 850 1708 ct
875 1652 994 1710 insede
1016 1665 1100 1714 maa

44 1739 154 1795 aonium
183 1753 256 1813 opes
285 1737 448 1813 quaerimus
478 1743 618 1813 tamquam
647 1751 745 1811 parurn
771 1733 897 1808 benigna
924 1733 1073 1810 fertilique

79 1837 133 1896 qua
157 1818 290 1879 calcatur.
339 1828 369 1878 et
392 1821 469 1880 inter
493 1819 565 1878 haec
588 1818 740 1876 minumum
765 1815 957 1875 remediorum
981 1820 1074 1892 gratia

79 1911 254 1978 scrutamur,
277 1911 367 1979 quoto
389 1905 464 1962 enim
483 1904 586 1980 cuique
609 1900 738 1960 iodiendi
752 1917 837 1960 causa
852 1899 992 1959 medicina
1008 1899 1074 1959 est?

79 2003 244 2063 quamquam
260 1993 290 2044 et
308 1987 364 2045 hoc
382 2005 488 2046 summa
509 1987 552 2045 sui
572 1993 655 2064 parte
675 1985 775 2044 tribuit
800 1992 831 2042 ut
851 1984 969 2062 fruges,
993 1984 1073 2061 larga

78 2068 227 2145 facilisque
240 2070 269 2126 in
285 2070 415 2129 omnibus
428 2079 623 2148 quaecumque
635 2076 764 2146 prosunt.
783 2066 832 2126 illa
845 2084 898 2126 nos
911 2077 1072 2145 peremunt,
1084 2080 1101 2134 3

45 2151 127 2210 uilla
143 2168 196 2210 nos
212 2150 247 2210 ad
264 2152 374 2210 inieros
390 2161 477 2228 agunt
494 2170 566 2229 quae
580 2151 734 2211 occultavit
749 2159 835 2228 atque
852 2150 1007 2228 demersit,
1024 2151 1072 2210 illa

78 2252 151 2313 quae
168 2251 225 2293 non
240 2242 395 2292 nascuntur
409 2242 542 2310 repente.
572 2251 653 2293 mens
669 2235 703 2293 ad
720 2235 805 2291 inane
822 2231 941 2292 evolans
957 2244 1073 2311 reputet

78 2335 152 2395 quae
164 2315 268 2377 deinde
280 2317 374 2374 lutura
386 2318 423 2375 sit
435 2317 499 2375 linis
517 2316 647 2375 omnibus
659 2316 783 2374 saeculis
800 2314 986 2374 exhauriendi
999 2335 1072 2393 eam,

79 2418 230 2479 quousque
247 2408 432 2478 penetratura
450 2401 578 2459 avaritia.
607 2415 689 2475 quam
704 2399 862 2472 innocens,
878 2413 960 2472 quam
977 2397 1072 2474 beata,

79 2487 163 2542 immo
185 2501 258 2543 vero
278 2485 362 2543 etiam
387 2483 509 2542 delicata
525 2490 606 2543 esset
627 2483 702 2556 vita,
720 2481 743 2537 si
761 2478 831 2538 nihil
854 2478 966 2538 aliunde
991 2498 1072 2557 quam

44 2581 165 2644 rosupra
196 2576 288 2626 terres
318 2569 560 2643 concupisceret,
592 2564 801 2639 breviterque,
833 2562 887 2619 nisi
919 2562 995 2638 quod
1029 2584 1073 2623 se-

79 2649 217 2710 comest!

142 2733 202 2809 (2.)
222 2731 341 2790 Eruitur
363 2750 460 2791 aurum
482 2739 512 2791 et
532 2728 715 2806 chrysocolla
741 2730 836 2804 iuxta,
863 2737 893 2787 ut
912 2732 1099 2806 pretiosiori

79 2816 211 2874 videatur
226 2830 330 2874 nomen
349 2834 387 2874 ex
401 2832 471 2874 auro
494 2813 672 2873 custodiens.
704 2830 802 2890 parum
819 2813 893 2872 euim
910 2823 972 2872 erat
989 2833 1071 2873 unam

79 2899 158 2956 vitae
173 2898 320 2956 invenisse
336 2906 460 2975 pestem,
473 2899 527 2956 nisi
542 2899 572 2955 in
587 2897 681 2973 pretio
700 2904 780 2955 esset
792 2898 852 2954 auri
867 2897 953 2956 etiam
965 2900 1070 2958 sanies.

43 3001 68 3040 cu
79 2980 239 3062 quaerebat
250 2990 400 3056 argentum
415 2982 544 3059 avaritia,
558 2980 624 3039 boni
641 2978 786 3039 consuluit
798 2981 912 3039 interim
924 2981 1072 3041 invenisse

77 3067 209 3141 minium,
230 3063 419 3140 rubentisque
437 3072 533 3122 terrae
555 3063 733 3140 excogitavit
751 3081 839 3122 usum.
877 3063 933 3122 heu
950 3064 1072 3140 prodiga

78 3151 211 3228 ingenia,
236 3157 306 3225 quot
319 3147 411 3206 modis
433 3147 561 3205 auximus
577 3148 671 3224 pretia
686 3145 798 3206 rerum!
829 3148 953 3205 accessit
968 3164 1014 3205 ars
1031 3149 1072 3225 pi·

79 3241 177 3294 cturae
197 3240 227 3293 et
242 3249 340 3291 aurum
362 3239 569 3307 argentumque
594 3230 732 3290 caelando
754 3230 847 3289 carius
871 3230 1009 3305 lecimus,
1032 3231 1074 3288 di-

79 3314 147 3376 dicit
167 3317 253 3376 homo
275 3323 403 3374 naturam
422 3331 593 3391 provocare.
639 3331 748 3374 auxere
773 3321 802 3373 et
824 3321 915 3428 arterp
938 3314 1072 3371 vitiorum
