2378 3840
268 203 349 252 unu.
372 201 463 250 ursr.
485 201 610 249 xxxnr.
634 187 907 270 11.12.(52—5e.)
1044 188 1081 250 31

93 366 139 418 tur
153 364 293 434 argento,
309 356 432 432 vaginae
449 355 581 432 catellis,
605 355 700 416 baltea
715 355 826 413 laminis
845 355 1005 432 crepitent,
1031 356 1086 414 iam

92 459 164 500 vero
182 440 363 517 paedagogia
378 440 544 500 intransitu
561 438 707 499 virilitatis
731 437 930 497 costodiantur
951 445 1085 514 argento,

92 525 216 583 feminae
233 522 365 583 laventur
380 531 410 582 et
425 524 479 582 nisi
495 529 634 599 argentea
650 522 724 581 solia
739 521 902 596 fastidiant,
927 520 1086 597 eademque

91 607 212 665 materia
227 615 257 667 et
275 607 348 666 cibis
366 614 396 666 et
410 605 526 684 probris
543 607 661 664 serviat.
692 604 807 664 videret
827 604 900 664 haec
915 603 1064 663 Fabricius
1077 612 1129 667 153

70 697 123 749 set
140 697 244 749 stratas
268 698 391 767 argento
413 688 563 747 mulierum
577 687 724 764 balineas,
745 690 784 747 ita
806 695 837 747 ut
855 689 983 764 vestigio
1003 687 1085 746 locus

91 774 209 848 nonsit,
223 791 285 831 cum
298 774 367 831 viris
380 771 545 846 lavantium,
557 771 718 847 Fabricius,
732 773 779 850 qui
793 771 952 831 bellicosos
964 774 1087 848 impera·

92 863 172 914 tores
188 854 253 932 plus
270 872 352 933 quam
371 863 499 931 pateram
513 862 543 913 et
558 855 678 912 salinum
690 854 801 914 habere
817 873 855 913 ex
869 863 990 931 argento
1006 861 1086 914 veta-

91 938 158 1013 bat,
179 937 291 996 videret
314 937 379 995 hinc
395 937 470 996 dona
487 937 604 996 fortium
618 938 681 996 lieri
703 945 751 996 aut
765 940 795 995 in
808 937 881 997 haec
895 939 999 1014 frangi.
1028 937 1086 997 heu

91 1038 207 1096 mores,
224 1019 337 1080 Fabrici
354 1037 407 1078 nos
423 1018 525 1096 pudet!

56 1127 82 1167 ιο
155 1103 237 1181 (55.)
257 1100 359 1161 Mirum
384 1119 454 1161 auro
476 1102 614 1162 caelando
644 1104 786 1162 neminem
807 1102 996 1178 inclaruisse,
1022 1120 1064 1161 ar·
1078 1111 1129 1166 154

91 1193 182 1263 gento
207 1184 321 1244 multos.
360 1203 490 1245 maxume
507 1195 602 1245 tamen
619 1186 747 1245 laudatus
769 1195 814 1246 est
828 1185 944 1245 Mentor
968 1185 1004 1245 de
1027 1203 1085 1262 quo

91 1286 179 1346 supra
195 1269 326 1329 diximus.
349 1277 483 1346 quattuor
499 1271 578 1347 paria
595 1270 630 1329 ab
646 1288 683 1330 eo
700 1272 814 1330 omnino
830 1271 1003 1345 factasunt,
1019 1286 1052 1327 ac
1063 1290 1081 1331 a.
1093 1287 1128 1323 nr

91 1353 146 1410 iam
163 1352 269 1411 nullum
286 1361 403 1412 exstare
419 1351 523 1412 dicitur
537 1352 684 1430 Ephesiae
699 1353 808 1413 Dianae
825 1353 923 1430 templi
939 1360 986 1411 aut
1002 1349 1086 1430 Capi-

92 1435 175 1494 tolini
194 1435 342 1495 incendiis.
379 1434 474 1494 Varro
494 1455 527 1494 se
551 1444 580 1495 et
598 1455 715 1496 aereum
737 1438 849 1513 signnm
867 1438 929 1495 eius
948 1435 1085 1494 habuisse

57 1540 81 1581 ιε
92 1519 201 1577 scribit.
232 1516 367 1576 Proxumi
386 1517 421 1576 ab
439 1536 476 1577 eo
494 1520 523 1576 in
538 1518 726 1578 admiratione
741 1519 872 1595 Acragas
889 1528 918 1578 et
932 1518 1062 1578 Boethus
1075 1530 1124 1583 155

93 1609 122 1660 et
137 1599 201 1676 Mys
221 1601 315 1658 luere.
353 1608 467 1660 exstant
491 1603 614 1661 omnium
630 1620 720 1680 opera
741 1602 828 1662 hodie
846 1605 875 1660 in
898 1601 991 1661 insula
1006 1601 1084 1660 Rho·

92 1683 214 1758 diorum,
226 1682 330 1742 Boethi
342 1682 416 1761 apud
428 1682 556 1743 Lindiam
566 1684 736 1761 Minervam,
748 1686 921 1761 Acragantis
933 1687 962 1744 iu
975 1685 1083 1761 templo

91 1766 189 1826 Liberi
214 1766 304 1844 patris
324 1768 354 1825 in
377 1767 440 1843 ipsa
462 1766 567 1827 Rhodo
592 1765 753 1827 Centauros
774 1767 960 1844 Bacchasque
982 1767 1084 1826 caelati

92 1850 214 1927 scyphi,
234 1848 318 1926 Myos
339 1851 368 1909 in
387 1850 488 1910 eadem
510 1853 583 1911 aede
606 1850 722 1910 Silenos
744 1859 774 1910 et
796 1849 962 1929 Cupidines.
996 1849 1085 1907 Acra-

56 1936 185 2010 eogantis
208 1941 238 1993 et
258 1935 376 1993 venatio
399 1935 429 1993 iu
451 1935 568 2013 scyphis
589 1953 719 2012 magnam
739 1935 839 1993 lamam
857 1934 965 1993 habuit.
994 1931 1065 1990 Post
1077 1942 1127 1997 156

90 2017 145 2076 hos
161 2015 326 2077 celebratus
348 2026 393 2077 est
413 2014 555 2096 Calamis,
576 2018 731 2097 Antipater
751 2036 867 2096 quoque
889 2018 936 2095 qui
954 2017 1086 2091 Satyrum

91 2101 120 2158 in
133 2099 230 2176 phiala
240 2108 390 2174 gravatum
405 2118 507 2161 somno
523 2102 725 2162 conlocavisse
742 2105 839 2162 verius
857 2119 940 2179 quam
954 2098 1086 2159 caelasse

91 2181 183 2240 dictus
201 2189 257 2241 est.
285 2181 464 2241 Stratonicus
479 2202 548 2243 mox
563 2183 736 2261 Cyzicenus,
754 2185 921 2262 Tauriscus,
936 2187 1006 2244 item
1020 2182 1086 2242 Ari·

92 2272 158 2323 ston
177 2271 207 2323 et
223 2261 350 2321 Eunicus
364 2262 532 2339 Mitylenaei
559 2266 709 2325 laudentur
731 2275 761 2326 et
777 2267 938 2326 Hecataeus
958 2276 987 2326 et
1008 2268 1086 2326 circa

56 2346 211 2424 rnPompei
228 2344 325 2422 Magni
342 2353 467 2405 aetatem
481 2346 644 2423 Pasiteles,
659 2348 833 2408 Posidonius
849 2348 1013 2426 Ephesius,
1030 2348 1086 2408 lie-

91 2429 266 2507 dystratides
288 2431 335 2507 qui
357 2429 470 2507 proelia
494 2439 678 2507 armatosque
708 2430 847 2505 caelavit,
876 2429 1009 2507 Zopyrus
1038 2433 1085 2506 qui

90 2514 288 2592 Areopagitas
307 2520 337 2572 et
355 2512 490 2572 iudicium
506 2512 620 2572 Orestis
635 2514 664 2570 in
679 2512 791 2572 duobus
808 2512 925 2589 scyphis
944 2512 1001 2571 HS.
1017 2507 1085 2594 ΙΧἮΙ

91 2598 259 2657 aestimatis.
281 2598 334 2656 luit
351 2605 381 2657 et
396 2595 522 2674 Pytheas
539 2597 619 2656 cuius
635 2596 709 2655 duae
724 2597 825 2654 unciae
840 2594 905 2662 xx
920 2597 1084 2655 venierunt.

92 2677 195 2737 Ulixes
217 2687 248 2739 et
263 2679 421 2740 Diomedes
444 2687 526 2740 erant
546 2681 576 2739 iu
598 2678 712 2758 phialae
737 2679 909 2739 emblemate
931 2678 1086 2738 Palladium

57 2775 82 2817 so
92 2761 298 2839 subripientes.
320 2763 391 2823 lecit
409 2763 484 2822 idem
499 2772 530 2823 et
546 2780 634 2824 cocos
649 2763 811 2840 magiriscia
822 2762 986 2841 appellatos
1003 2779 1065 2839 par·
1078 2771 1127 2826 157

93 2843 168 2903 volis
186 2846 327 2922 potoriis,
354 2865 371 2906 c
394 2847 498 2924 qulbus
521 2866 558 2908 ue
581 2847 758 2924 exemplaria
782 2847 895 2925 quidem
915 2847 1020 2906 liceret
1036 2864 1085 2905 ex·

92 2927 219 3004 primore
227 2970 237 3004 ,
257 2936 313 2987 tam
334 2938 497 3008 opportuna
519 2932 640 2991 iniuriae
662 2930 806 2991 subtilitas
830 2939 902 2990 crat.
938 2930 1036 2989 habuit
1056 2937 1086 2989 et

92 3008 207 3070 Teucer
218 3012 375 3071 crustarius
391 3013 507 3090 lamam,
527 3014 683 3093 subitoque
698 3032 745 3074 ars
763 3014 834 3074 haec
850 3015 889 3073 ita
909 3013 1040 3074 exolevit
1055 3021 1086 3070 ut

92 3093 156 3153 sola
174 3096 230 3154 iam
251 3102 398 3155 vetustate
418 3106 589 3173 censeatur,
611 3115 721 3176 usuque
736 3099 841 3157 attritis
858 3097 1031 3171 caelaturis,
1048 3113 1085 3153 ne

56 3178 183 3256 ecligma
201 3177 327 3238 discerni
342 3181 454 3257 possit,
470 3183 626 3241 auctoritas
641 3188 764 3243 constet.

152 3262 316 3340 Argentum
335 3263 483 3322 medicatis
501 3266 583 3342 aquis
597 3265 722 3324 inlicitur
742 3273 830 3342 atque
848 3262 952 3323 adllatu
974 3261 1064 3336 salso,
1079 3269 1128 3324 158

92 3345 166 3406 sicut
187 3347 216 3406 in
237 3345 457 3407 mediterraneis
481 3345 645 3426 Hispaniae.
685 3348 767 3427 (56.)
788 3347 821 3406 ln
845 3348 957 3423 argenti
981 3353 1011 3404 et
1025 3345 1085 3403 auri

91 3429 215 3490 metallis
233 3439 388 3492 nascuntur
403 3432 555 3491 etiamnum
568 3432 726 3511 pigmenta,
742 3431 779 3491 sil
796 3440 826 3492 et
839 3428 1022 3490 caeruleum.
1043 3425 1098 3481 S'xk
