2378 3840
936 152 940 165 l

319 200 400 246 nau.
420 198 511 245 mar.
531 197 664 244 xxxvrr.
683 195 707 250 6.
720 195 745 249 7.
765 183 915 266 (aa—aa.)
1051 183 1110 244 159

113 353 175 415 lithi
205 353 334 412 colorem
366 361 395 412 et
421 351 523 412 sardae
550 360 581 412 et
603 350 730 429 iaspidis.
769 349 955 411 Zenothemis
983 350 1110 425 Indicam

115 436 255 513 onychem
270 435 362 513 pluris
377 434 487 495 babere
499 438 670 512 varietates,
686 436 811 510 igneam,
827 437 947 512 nigram,
962 450 1109 508 corneam,

113 519 297 596 cingentibus
315 519 443 579 candidis
459 521 543 578 renis
562 519 638 577 oculi
653 517 750 594 modo,
767 517 1027 577 intervenientibus
1043 532 1111 593 qua·

113 604 230 662 rendam
252 611 283 663 et
304 603 430 680 obliquis
445 604 537 662 venis.
568 601 689 660 Sotacus
711 610 742 660 et
758 599 911 661 Arabicam
932 600 1018 659 tradit
1041 616 1110 674 ony-

90 685 195 750 schem
209 685 317 746 distare
334 686 410 765 quod
434 684 531 745 ludica
553 684 697 762 igniculos
713 683 818 743 habeat
834 683 907 744 albis
925 682 1109 759 cingentibus

113 772 194 829 conis
213 771 334 847 singulis
356 769 525 847 pluribusve
540 769 626 828 aliter
649 785 730 845 quam
752 769 781 825 in
802 766 983 842 sardonyche
1001 765 1109 839 lndiea,

111 853 172 912 illic
195 856 271 913 enim
290 861 463 912 momentum
478 870 566 928 esse,
585 850 632 911 hic
647 849 792 910 circulum.
823 850 964 909 Arabicas
983 847 1109 924 onychas
1118 857 1152 911 91

111 938 210 1012 nigras
227 936 350 995 inveniri
364 935 491 995 candidis
508 937 598 995 zonis.
621 934 741 1009 Satyrus
756 951 893 993 carnosas
909 930 1109 1006 esselndicas,

112 1028 195 1096 parte
212 1019 388 1094 carbunculi,
406 1027 488 1096 parte
504 1017 674 1095 chrysolithi
692 1025 722 1076 et
736 1017 901 1092 amethysti,
917 1025 1066 1092 totumque
1080 1014 1110 1072 id

78 1119 204 1178 rogemus
225 1101 376 1160 abdicarit.
414 1120 511 1161 reram
528 1110 623 1161 autem
641 1099 782 1177 onychem
796 1101 941 1178 plurumas
954 1100 1109 1175 variasque

111 1203 174 1244 cum
189 1185 291 1244 lacteis
308 1184 418 1244 habere
436 1203 536 1262 venas,
556 1186 680 1245 omnium
695 1186 861 1244 intransitu
880 1183 981 1243 colore
997 1184 1109 1241 inenar-

110 1269 194 1328 rabili
218 1277 248 1328 et
271 1270 300 1327 in
321 1287 406 1327 unum
422 1268 562 1329 redeunte
580 1276 751 1328 concentum
766 1265 907 1327 suavitate
924 1274 1014 1343 grata.
1047 1263 1110 1323 Neo

111 1352 194 1412 sarda
210 1351 245 1386 ²³¹*
260 1360 307 1411 est
321 1352 387 1411 huic
402 1370 544 1428 gemmae,
560 1352 673 1411 dividua
690 1370 728 1410 ex
743 1350 848 1410 eodem
864 1360 893 1410 et
908 1351 970 1429 ipsa
983 1349 1109 1425 nomine,

112 1435 268 1511 obiterque
285 1437 409 1492 omnium
425 1434 585 1493 ardentium
602 1451 776 1510 gemmarum
793 1433 941 1492 indicanda
957 1440 1066 1491 natura.

78 1541 102 1580 15
154 1520 181 1577 7.
211 1516 513 1597 (astronomorum
543 1515 651 1576 habent
677 1515 842 1575 carbunculi
875 1534 891 1573 a
920 1514 1106 1574 similitudine
1118 1525 1152 1579 92

112 1602 220 1677 ignium
240 1598 397 1677 appellati,
419 1617 481 1658 cum
503 1600 559 1678 ipsi
580 1617 639 1658 non
659 1601 785 1658 sentiant
798 1599 892 1674 ignis,
911 1597 1109 1675 aquibusdam

113 1685 151 1743 ob
167 1684 223 1743 hoc
238 1691 376 1742 acaustoe
392 1683 540 1761 appellati.
566 1681 674 1741 Horum
690 1699 800 1758 genera
813 1681 900 1740 lndici
918 1691 947 1741 et
960 1679 1110 1740 Garaman-

112 1768 161 1825 tici
178 1784 251 1844 quos
267 1775 297 1828 et
309 1763 526 1825 Carchedonios
548 1783 694 1825 vocavere
711 1775 834 1843 propter
852 1764 1028 1843 opulentiam
1041 1761 1108 1823 Gar-

112 1850 237 1926 thaginis
264 1862 393 1925 magnae.
434 1846 558 1909 adiciunt
581 1848 775 1926 Aethiopicos
805 1856 836 1907 et
857 1847 1052 1907 Alabandicos
1080 1849 1109 1904 in

77 1957 102 1997 ao
113 1931 248 1992 Orthosia
267 1930 371 1992 Cariae
392 1936 555 2010 nascentis,
582 1931 634 1992 sed
660 1934 708 2010 qui
731 1933 916 2009 perficiantur
939 1929 1107 1990 Alabandis.

113 2025 267 2093 praeterea
293 2018 323 2074 in
348 2016 423 2075 omni
448 2033 561 2092 genere
586 2015 704 2075 masculi
726 2015 908 2093 appellantur
927 2014 1058 2073 acriores
1080 2021 1109 2072 et

111 2101 235 2159 feminae
257 2098 418 2176 languidius
441 2100 631 2177 refulgentes.
668 2100 697 2158 in
714 2099 847 2160 masculis
865 2115 983 2177 quoque
1006 2098 1107 2156 obser·
1117 2108 1152 2162 93

113 2191 180 2240 rant
203 2182 365 2258 liquidioris
395 2180 469 2239 alios
493 2181 636 2257 flammae,
659 2184 796 2258 nigrioris
822 2182 896 2241 alios
919 2190 949 2241 et
972 2181 1109 2258 quosdam

113 2283 151 2324 ex
166 2263 225 2323 alto
244 2263 356 2322 lucidos
374 2281 408 2324 ae
422 2265 514 2339 magis
537 2265 646 2323 ceteris
666 2265 695 2322 in
711 2265 774 2324 sole
791 2265 955 2342 flagrantis,
975 2273 1109 2341 optumos

76 2364 184 2408 osvero
207 2346 481 2422 amethystizontas,
507 2346 564 2406 hoc
586 2355 633 2406 est
656 2364 777 2424 quorum
799 2357 946 2406 extremus
965 2347 1108 2422 igniculus

111 2434 140 2490 in
169 2429 322 2505 amethysti
348 2429 455 2488 violam
486 2437 589 2506 exeat,
615 2446 772 2507 proxumos
800 2429 875 2505 illis,
904 2446 979 2507 quos
1004 2438 1110 2488 vocant

112 2517 241 2591 syrtitas,
255 2516 373 2592 pinnato
388 2512 504 2588 fulgore
516 2513 662 2572 radiantis.
679 2513 799 2571 inveniri
813 2521 907 2572 autem
919 2512 967 2571 ubi
978 2529 1109 2572 maxume

111 2600 150 2654 sit
160 2598 233 2656 solis
248 2615 451 2675 repercussus.
470 2595 589 2673 Satyrus
600 2595 715 2655 lndieos
731 2613 789 2654 non
804 2614 871 2655 esse
885 2595 981 2654 claros
994 2595 1063 2654 dicit
1075 2614 1108 2654 ac
1118 2605 1153 2660 94

111 2679 282 2757 plerumque
298 2678 432 2739 sordidos
454 2698 488 2740 ae
509 2699 626 2758 semper
646 2678 769 2755 fulgoris
784 2679 938 2754 retorridi,
957 2678 1109 2756 Aethiopi·

77 2779 163 2824 socos
181 2764 296 2837 pinguis
310 2762 461 2840 lucemque
479 2781 537 2823 uon
557 2763 703 2824 fundentis
718 2763 874 2822 convoluto
890 2764 959 2838 igne
975 2761 1108 2838 flagrare.

114 2842 294 2905 Callistratus
316 2845 461 2922 lulgorem
491 2847 656 2907 carbunculi
678 2846 788 2906 debere
814 2846 960 2906 candidum
985 2863 1052 2905 esse
1078 2853 1109 2903 ut

113 2928 225 3005 positus
254 2936 388 2988 extremo
417 2931 481 2988 risu
512 2931 660 2991 nubilante
687 2949 720 2990 se
750 2929 864 2989 attollat
897 2928 1108 2989 exardescente

113 3010 237 3088 fulgore.
275 3012 313 3070 ob
338 3011 367 3071 id
389 3011 523 3089 plerique
544 3013 619 3073 hunc
635 3013 836 3074 carbunculum
857 3012 1005 3072 candidum
1025 3028 1108 3069 voca·

113 3112 206 3169 vere,
240 3113 306 3154 eum
341 3097 388 3172 qui
421 3095 583 3172 languidius
613 3097 691 3155 lueet
724 3096 940 3172 lignyizontem.
985 3093 1150 3158 (lorche-95

78 3177 217 3237 audouios
238 3178 327 3238 multo
345 3179 472 3237 minores
495 3197 583 3254 esse,
609 3178 724 3237 lndicos
746 3181 831 3237 etiam
848 3181 878 3237 in
895 3179 1003 3238 sextari
1027 3178 1107 3235 nnius

112 3279 272 3320 mensuram
284 3263 390 3321 cavari.
405 3261 567 3321 Archelaus
576 3260 792 3321 Carchedonios
805 3263 942 3338 nigrioris
955 3261 1107 3338 adspectus

113 3363 198 3421 esse,
223 3344 274 3404 sed
301 3346 361 3422 igni
382 3344 431 3404 vel
452 3345 516 3405 sole
534 3354 563 3406 et
581 3345 768 3405 inclinatione
784 3347 877 3405 acrius
893 3358 974 3422 quam
989 3352 1107 3403 eeteros

114 3430 251 3507 excitari,
279 3429 399 3489 eosdem
424 3428 613 3490 obumbrante
633 3437 713 3490 tecto
736 3447 900 3508 purpureos
923 3428 1032 3503 videri,
1053 3427 1107 3486 sub
