2378 3840
341 197 421 243 unu.
439 196 529 242 ursr.
546 196 683 241 xxxrrrr.
699 193 723 243 a.
744 193 768 246 3.
789 182 904 261 (2—7)
1080 183 1119 244 35

123 368 206 410 manu
227 349 280 409 sed
302 349 337 408 ad
360 350 504 409 fortunam
524 356 702 426 temperatur
719 349 748 406 iu
771 346 932 407 simulacris
956 348 1118 424 signisque,

124 433 194 493 illud
218 449 271 492 suo
293 433 395 493 colore
420 433 579 510 pretiosum
597 430 633 491 ad
656 433 794 491 iocineris
811 431 965 507 imaginem
981 449 1120 508 vergens,

125 515 203 594 quod
226 516 292 576 ideo
316 515 474 594 hepatizon
495 514 660 595 appellant,
681 514 784 592 procul
803 531 819 572 a
838 511 1007 589 Corinthio,
1031 514 1119 590 longe

125 608 219 658 tamen
235 607 300 658 ante
314 599 518 676 Aegineticum
534 607 621 676 atque
637 597 796 674 Deliacum,
812 614 886 675 quae
904 598 952 657 diu
967 599 1119 674 optinuere

101 683 320 760 sprineipatum.

185 766 245 844 (4.)
269 765 477 844 Antiquissima
497 765 573 824 aeris
595 764 690 840 gloria
710 762 831 823 Deliaco
852 763 906 823 luit
927 772 1069 823 mercatus
1088 764 1144 826 in9

123 848 198 908 Delo
216 848 443 909 concelebrante
460 857 523 908 toto
543 847 632 923 orbe,
649 855 678 906 et
694 846 761 906 ideo
777 865 844 907 cura
862 847 995 906 ollicinis.
1032 846 1119 906 tricli-

123 933 235 991 niorum
252 931 374 1009 pedibus
389 931 546 1007 fulcrisque
562 930 602 988 ihi
618 931 709 1007 prima
727 931 804 989 aeris
819 930 968 1007 nobilitas,
986 932 1120 1008 pervenit

123 1015 228 1074 deinde
240 1022 270 1097 et
285 1012 320 1071 ad
334 1013 418 1073 deum
431 1013 581 1072 simulacra
597 1014 782 1090 effigiemque
793 1013 938 1073 hominum
954 1022 984 1072 et
1000 1013 1120 1072 aliorum

89 1097 290 1156 1oanimalium.

187 1177 247 1261 (5.)
270 1177 412 1238 Proxuma
433 1178 495 1238 laus
516 1178 693 1256 Aeginetico
717 1179 779 1239 fuit.
815 1179 908 1239 insula
926 1181 988 1259 ipsa
1014 1187 1059 1238 est
1074 1190 1162 1242 -10

123 1282 177 1324 nec
192 1263 269 1342 quod
284 1262 325 1322 ibi
339 1264 521 1339 gigneretur,
539 1262 592 1323 sed
608 1263 786 1322 officinarum
801 1271 997 1343 temperatura
1013 1298 1055 1308 —
1069 1281 1119 1323 no-

122 1347 243 1407 bilitata.
280 1345 335 1406 bos
353 1363 456 1406 aereus
478 1345 546 1406 inde
567 1355 668 1424 captus
684 1347 714 1404 in
731 1346 797 1407 loro
815 1347 918 1407 boario
936 1356 982 1407 est
998 1347 1117 1407 Romae.

121 1429 178 1489 hoc
197 1433 254 1490 erit
277 1428 426 1507 exemplar
445 1429 612 1505 Aeginetici
633 1430 727 1505 aeris,
749 1428 860 1489 Deliaci
878 1439 974 1490 autem
987 1430 1119 1509 luppiter

87 1529 111 1569 aa
121 1515 150 1571 in
166 1510 311 1590 Capitolio
326 1511 405 1571 lovis
425 1513 551 1571 tonantis
573 1512 654 1572 aede.
685 1511 736 1570 illo
758 1529 827 1572 aere
845 1511 950 1588 Myron
973 1531 1041 1571 usus
1063 1521 1117 1583 est,

121 1596 177 1655 hoc
191 1593 363 1671 Polyclitus,
381 1594 519 1670 aequales
534 1602 620 1671 atque
634 1594 835 1672 condiscipuli,
852 1595 904 1655 sed
920 1596 1073 1656 aemulatio
1089 1597 1117 1655 in

120 1679 240 1738 materia
255 1677 317 1738 luit.

184 1763 210 1824 3.
233 1762 292 1844 (6.)
311 1759 447 1821 Privatim
463 1760 577 1837 Aegina
592 1759 830 1819 candelabrorum
841 1762 1026 1839 superficiem
1040 1762 1116 1821 dum·
1129 1771 1158 1824 ll

122 1854 199 1906 tanat
217 1846 395 1922 elaboravit,
413 1846 487 1905 sicut
505 1842 660 1903 'Parentum
677 1861 791 1922 scapos.
822 1845 851 1903 in
866 1844 910 1904 his
932 1862 1004 1922 ergo
1022 1847 1117 1903 iuncta

86 1929 329 1990 moommendatio
347 1929 524 1990 officinarum
546 1936 599 1988 est.
637 1946 692 1987 nec
714 1926 804 2007 pudet
819 1928 999 1989 tribunorum
1015 1928 1116 1987 milita·

121 2016 193 2073 rium
207 2014 320 2074 salariis
337 2031 452 2089 emere,
472 2030 536 2073 cum
550 2013 643 2091 ipsum
659 2029 764 2072 nomen
779 2029 795 2071 a
813 2012 995 2073 candelarum
1011 2012 1116 2071 lumine

25 2105 28 2110 '
121 2098 276 2174 inpositum
292 2097 436 2174 adpareat.
476 2097 608 2156 accessio
629 2094 795 2156 candelabri
820 2097 886 2156 talis
910 2098 964 2156 luit
988 2095 1116 2155 Theonis

121 2180 202 2237 iussu
224 2181 379 2255 praeconis
403 2176 559 2256 Clesippus
584 2178 656 2238 lullo
672 2179 780 2255 gibber
795 2188 825 2240 et
842 2189 997 2258 praeterea
1013 2188 1042 2240 et
1058 2179 1115 2239 alio

120 2260 223 2321 loedus
239 2259 389 2337 adspectu,
405 2269 519 2320 emente
535 2259 563 2318 id
576 2259 704 2336 Gegania
714 2260 768 2320 HS.
780 2265 813 2329 ῖ.
830 2263 931 2323 eadem
946 2271 1112 2324 ostentante
1126 2273 1159 2324 12

86 2345 149 2403 auin
173 2344 307 2402 convivio
331 2349 457 2421 emptum
473 2341 578 2400 ludibri
600 2360 685 2401 causa
704 2343 824 2403 nudatus
845 2354 931 2423 atque
948 2347 1116 2424 inpudentia

120 2426 247 2488 libidinis
266 2433 403 2505 receptus
419 2427 448 2485 iu
470 2434 563 2485 torum
572 2468 580 2502 ‚
595 2442 664 2483 mox
679 2427 708 2484 in
724 2435 945 2503 testamentum,
961 2429 1115 2505 praedives

120 2512 262 2571 numinum
275 2512 340 2571 vice
355 2510 426 2570 illud
442 2508 645 2571 candelabrum
659 2507 749 2568 coluit
766 2517 796 2568 et
812 2509 884 2569 hanc
902 2507 1060 2570 Corinthiis
1075 2511 1116 2570 ia-

120 2595 214 2654 bulam
230 2594 347 2670 adiecit,
361 2594 512 2655 vindicatis
529 2601 623 2652 tamen
637 2591 767 2651 moribus
783 2592 875 2652 nobili
890 2592 1046 2670 sepulchro
1063 2611 1116 2670 per

121 2677 198 2755 quod
219 2686 338 2738 aeterna
359 2695 445 2757 supra
468 2686 562 2738 terras
578 2674 726 2752 Geganiae
742 2675 897 2736 dedecoris
912 2678 1050 2736 memoria
1067 2676 1116 2736 du-

83 2779 109 2821 co
119 2769 208 2822 raret.
239 2761 291 2822 sed
309 2779 371 2821 eum
387 2780 455 2822 esse
470 2761 547 2822 nulla
563 2757 713 2820 Corinthia
729 2758 902 2821 candelabra
919 2768 1046 2837 constet,
1065 2777 1115 2820 no-

117 2863 184 2904 men
199 2843 228 2903 id
244 2846 401 2923 praecipue
413 2845 442 2904 in
457 2843 502 2905 his
517 2843 699 2919 celebratur,
717 2844 851 2922 quoniam
861 2841 976 2904 Mummi
992 2845 1115 2905 victoria

119 2925 288 2988 Corinthum
302 2927 417 3007 quidem
432 2927 534 3005 diruit,
552 2926 605 2988 sed
618 2946 635 2986 e
647 2927 837 3007 conpluribus
854 2928 984 2988 Achaiae
1000 2929 1114 3007 oppidis

118 3011 201 3072 simul
219 3028 287 3072 aera
303 3011 448 3090 dispersit.

179 3094 238 3174 (7.)
251 3094 343 3155 Prisci
355 3094 451 3156 limina
460 3095 588 3155 etiamac
598 3093 697 3154 valvas
709 3095 738 3154 in
746 3094 862 3173 templis
875 3114 912 3155 ex
924 3113 993 3155 aere
1005 3096 1158 3158 lectita-13

81 3194 198 3242 curere.
228 3180 346 3240 invenio
359 3187 417 3241 eta
444 3176 497 3238 (ln.
514 3176 635 3238 Octavio
651 3179 699 3256 qui
718 3178 754 3238 de
766 3177 879 3239 Perseo
895 3196 969 3255 rege
986 3176 1116 3237 navalem

117 3263 289 3344 triumphum
313 3265 375 3341 egit
396 3264 499 3324 iactam
514 3263 656 3342 porticum
679 3261 823 3342 duplicem
836 3263 872 3322 ad
891 3264 997 3321 circum
1012 3260 1115 3320 Flami·

116 3350 193 3409 nium
209 3366 284 3428 quae
298 3346 449 3408 Corinthia
465 3349 503 3408 sit
519 3345 664 3426 appellata
679 3364 696 3407 a
710 3346 843 3426 capitulis
860 3347 956 3406 aereis
972 3345 1115 3406 columna-

117 3450 195 3509 rum,
211 3431 324 3493 Vestae
337 3449 453 3511 quoque
469 3430 571 3491 aedem
584 3431 676 3510 ipsam
688 3430 867 3508 Syracusana
883 3431 1039 3566 superficie
1053 3431 1119 3502 tegi
