2378 3840
131 189 171 252 86
476 202 506 251 c.
522 201 781 250 an1nrsucunnr

132 372 214 433 quarn
230 356 343 432 quidam
355 353 515 415 Nausicaan
529 364 643 430 vocant,
659 354 797 415 adiecerit
814 355 948 432 parvolas
964 358 1044 415 navis
1062 357 1125 416 lun·

131 455 183 514 gas
203 439 233 497 in
255 440 290 497 iis
313 456 386 516 quae
402 439 531 515 pictores
548 439 682 516 parergia
698 437 862 516 appellant,
885 447 916 497 ut
936 439 1091 516 adpareret
1109 459 1125 500 a

131 521 234 598 quibus
261 522 350 581 initiis
378 521 413 579 ad
433 539 528 581 arcem
555 523 760 580 ostentationis
787 539 877 599 opera
901 539 951 580 sua
974 525 1126 620 pervenis·

72 609 226 667 ucasenu
271 603 394 664 Palmam
415 603 503 664 babet
524 604 766 664 tabularumeius
787 603 898 663 lalsus
850 606 982 682 s,uqui
1004 612 1050 663 est
1067 604 1154 665 Ro·-

129 704 192 746 mae
215 688 359 748 dicatus
349 706 379 745 nn
400 687 508 785 templo
530 687 623 746 Pacis
663 703 869 764 cumpungere
899 705 979 765 eum,
1003 686 1146 748 traditura

129 769 248 830 madidis
264 770 369 848 lupinis
388 772 515 847 vixisse,
536 771 669 847 quoniam
685 770 766 829 nmul
784 779 814 830 et
829 771 933 830 lamam
947 770 1125 830 sustinerent

130 861 160 911 et
178 854 254 912 sitim
271 871 325 913 nec
342 870 444 913 sensus
461 854 545 913 nimia
560 851 712 912 dulcedine
725 852 922 913 obstruerent.
954 852 1019 912 huic
1033 854 1125 931 pictu-

129 953 180 994 rae
195 945 298 1013 quater
313 934 443 995 colorem
464 936 575 995 induxit
593 943 692 994 eontra
708 935 837 996 subsidia
852 936 974 995 iniuriae
998 944 1028 994 et
1044 944 1125 995 vetu-

130 1020 229 1096 statis,
245 1028 275 1078 ut
292 1018 452 1079 decedente
466 1020 619 1097 superiore
634 1018 757 1077 inferior
771 1017 949 1078 succederet.
980 1026 1026 1077 est
1044 1019 1074 1077 in
1090 1037 1125 1078 ea

27 1126 29 1130 ·
130 1103 208 1160 oanis
227 1103 299 1162 mire
313 1103 404 1161 lactus
419 1110 451 1161 ut
466 1119 552 1178 quem
566 1102 676 1179 pariter
692 1109 721 1160 et
736 1118 820 1160 casus
838 1102 972 1179 pinxerit.
1008 1118 1066 1160 non
1084 1103 1125 1159 iu·
1136 1123 1159 1163 ιι

130 1183 243 1243 dicabat
261 1203 294 1242 se
316 1186 344 1241 in
361 1201 397 1242 eo
415 1185 580 1260 exprimere
596 1201 722 1260 spumam
737 1184 915 1260 anhelantis,
930 1201 993 1242 cum
1008 1185 1038 1242 in
1057 1184 1124 1243 reli·

130 1283 185 1343 qua
202 1275 284 1342 parte
301 1267 392 1340 omni,
412 1265 488 1343 quod
504 1264 699 1324 difficillimum
716 1275 796 1342 erat,
813 1266 948 1344 sibiipsa
965 1266 1124 1326 satisfecis-

88 1357 201 1412 103set.
233 1348 405 1426 displicebat
422 1357 517 1408 autem
536 1367 583 1408 ars
601 1349 663 1426 ipsa
679 1366 733 1408 neo
747 1350 834 1408 minui
850 1357 983 1427 potarat,
998 1358 1028 1409 et
1044 1350 1123 1408 vide·

129 1431 215 1491 batur
228 1432 312 1492 nimia
328 1449 361 1490 ac
376 1431 491 1508 lougius
504 1450 520 1491 a
533 1433 658 1490 varitate
674 1430 844 1509 discedere,
860 1449 1015 1510 spumaque
1032 1433 1123 1509 pingi,

129 1531 187 1573 non
200 1533 237 1574 ex
255 1533 306 1575 ore
322 1515 413 1591 nasci,
428 1517 514 1574 anxio
530 1515 767 1591 animi-cruciatu,
779 1533 841 1574 cum
856 1517 885 1575 in
897 1517 1009 1592 pictura
1024 1533 1125 1573 verum
1135 1530 1158 1569 ιι

129 1615 209 1673 esse,
222 1615 280 1657 non
294 1597 454 1657 verisimile
465 1597 567 1674 vellet,
580 1598 760 1657 absterserat
775 1599 892 1677 saepius
905 1606 1123 1673 mutaveratque

129 1680 311 1757 penicillum,
323 1679 401 1740 nullo
417 1680 502 1741 modo
519 1681 575 1740 sibi
592 1681 766 1778 adprobans.
791 1688 940 1779 postremo
954 1681 1044 1740 iratus
1057 1683 1123 1756 arti,

129 1763 206 1840 quod
226 1764 467 1842 intellegeretur,
490 1780 650 1842 spongeam
667 1764 779 1841 inpegit
799 1765 893 1823 inviso
912 1763 979 1824 loco
995 1763 1122 1839 tabulae,

130 1853 159 1906 et
179 1846 228 1906 illa
238 1848 376 1926 reposuit
395 1846 509 1906 ablatos
529 1846 648 1906 colores
667 1845 791 1922 qualiter
807 1864 874 1905 cura
889 1854 1057 1944 optauerat,
1081 1846 1124 1906 ie·

86 1941 137 1992 104
148 1931 270 2008 citque
261 1932 412 2008 inpletura
426 1930 541 1988 lortuna
555 1937 692 1988 naturam.
718 1925 787 1987 Hoc
799 1929 974 2007 exemplo
947 1948 1009 1988 erus
1022 1929 1123 1988 similis
1133 1940 1159 1980 ²⁰

129 2020 159 2071 et
173 2011 302 2071 Nealcen
321 2028 473 2070 successus
489 2029 606 2109 spumae
624 2013 691 2088 equi
711 2011 843 2072 similiter
860 2029 991 2110 spougea
1009 2013 1124 2090 inpacta

129 2102 246 2153 secutus
267 2093 387 2169 dicitur,
414 2111 476 2151 oum
504 2095 642 2172 pingeret
668 2103 855 2173 poppyzonta
876 2096 1050 2155 retinentem
1072 2112 1124 2172 par

83 2191 120 2251 ιιι
133 2194 223 2236 ecum
247 2179 285 2235 ita
285 2175 482 2253 Protogenes
498 2179 668 2238 monstravit
685 2187 715 2238 et
731 2178 881 2239 fortunam.
905 2177 1032 2257 Propter
1049 2176 1123 2237 bunc

97 2254 269 2338 sstatysum,
292 2278 329 2319 ne
353 2268 497 2320 cremaret
518 2259 659 2339 tabulam,
676 2260 842 2323 Demetrius
859 2280 930 2338 rex,
952 2279 1014 2321 cum
1030 2261 1065 2319 ab
1087 2279 1123 2320 ea

106 2344 210 2423 {parte
230 2342 293 2402 sola
314 2351 418 2421 posset
435 2341 568 2403 Rhodum
584 2363 702 2423 capere,
717 2363 775 2405 non
789 2344 926 2420 incendit,
942 2351 1123 2420 parcentem·
1113 2356 1159 2396 ι)

23 2436 25 2442 ’
87 2426 135 2489 ibo
149 2443 205 2502 que
228 2429 358 2504 picturae
379 2426 454 2503 fugit
468 2428 586 2487 occasio
602 2430 753 2488 victoriae.
783 2434 846 2485 crat
859 2434 927 2484 tunc
937 2424 1122 2500 Protogenes

127 2511 156 2567 in
178 2509 342 2569 suburbano
364 2527 417 2569 suo
443 2509 576 2587 hortulo,
594 2510 651 2570 boc
666 2519 711 2569 est
724 2507 864 2568 Demetrii
883 2507 1004 2582 castris,
1025 2524 1123 2584 neque

126 2592 330 2671 interpellatus
352 2592 475 2671 proeliis
492 2592 625 2653 inchoata
646 2608 736 2670 opera
756 2589 912 2649 intermisit
933 2589 1048 2648 omnino
1065 2591 1122 2649 nisi

102 2740 108 2756 ξ
128 2678 235 2734 accitus
251 2693 266 2733 a
284 2693 373 2751 rege,
387 2676 644 2751 interrogatusque
660 2672 827 2752 quadducia
842 2679 925 2732 extra
940 2690 1038 2732 muros
1054 2690 1122 2749 age-

98 2766 106 2795 ·‘
127 2765 174 2815 ret
189 2757 341 2835 respondit
356 2759 432 2816 scire
446 2776 480 2817 se
496 2774 559 2816 cum
573 2754 693 2815 Rhodiis
707 2755 748 2815 illi
764 2754 873 2816 bellum
888 2774 968 2832 esse,
983 2773 1042 2815 non
1058 2773 1122 2815 curn
1133 2776 1159 2817 au

100 2834 108 2875 ἰ
128 2839 246 2897 artibus.
291 2839 435 2916 disposuit
456 2857 511 2898 rex
530 2840 559 2897 in
583 2837 700 2898 tutelam
721 2839 783 2898 eius
808 2840 968 2915 stationes,
993 2838 1121 2916 gaudens

127 2921 204 2997 quod
225 2938 323 2980 manus
342 2929 474 2981 servaret
489 2921 591 2998 quibus
608 2930 797 2999 pepercerat,
821 2931 852 2982 et
867 2941 904 2982 ue
919 2924 1035 3000 saepius
1051 2938 1122 2982 avo·

127 3012 224 3081 caret,
246 3002 322 3063 ultro
345 3003 460 3063 adeum
480 3004 561 3063 venit
584 3004 678 3064 bostis
696 3005 865 3084 relictisque
885 3006 1027 3065 victoriae
1051 3023 1121 3064 suae

128 3089 205 3147 votis
221 3088 297 3147 inter
312 3105 388 3147 arma
404 3094 433 3146 et
448 3104 592 3146 murorum
606 3090 680 3148 ictus
696 3091 839 3167 spectavit
854 3089 1010 3164 artificem,
1027 3088 1121 3164 sequi·

129 3179 232 3249 turque
255 3170 378 3230 tabulam
395 3169 473 3230 illius
489 3174 628 3269 temporis
648 3171 720 3232 baec
735 3174 825 3249 fama,
846 3171 923 3249 quod
941 3190 1004 3231 earn
1018 3171 1120 3230 Proto·
1131 3188 1157 3230 aa

86 3264 242 3332 magenes
258 3255 311 3315 sub
326 3255 424 3334 gladic
440 3254 575 3332 pinxerit
612 3255 731 3332 Satyrus
751 3256 797 3315 bic
816 3264 862 3315 est
877 3272 961 3332 quam
982 3270 1122 3331 anapauo-

127 3357 233 3398 menon
248 3347 369 3414 vooant,
384 3356 421 3398 ne
441 3337 523 3415 quid
521 3337 599 3398 desit
614 3341 753 3417 temporis
769 3340 831 3398 eius
843 3339 1005 3413 securitati,
1021 3345 1121 3396 tenen·

121 3430 182 3478 tem
205 3422 300 3481 tibias
343 3423 415 3483 fecit
441 3431 471 3482 et
498 3417 650 3501 Cydippen
672 3431 703 3482 et
731 3421 945 3500 Tlepolemum,
966 3418 1122 3479 Philiscum
