2378 3840
116 179 155 240 60
462 189 492 238 c.
515 191 610 237 annu
631 188 780 237 enouunr

116 345 183 405 alibi
197 353 284 423 atque
300 343 369 403 alibi
385 342 485 403 utilior
499 343 664 402 nobilitavit
674 343 739 403 loca
754 342 849 419 gloria
865 342 948 418 ferri,
965 343 1048 401 sicuti
1061 342 1119 402 sstl-

117 429 196 488 bilim
213 429 242 487 in
256 427 394 505 Hispania
409 435 438 486 et
456 424 677 503 Turiassonem,
694 424 812 486 comum
826 427 856 485 in
871 424 965 501 ltalia,
982 444 1045 484 cum
1060 427 1119 485 ler-

74 523 124 579 145
137 513 212 571 naria
229 511 345 571 metalla
363 513 392 569 in
408 511 444 570 iis
459 510 533 570 locis
547 528 605 570 non
620 512 685 569 sint.
708 508 754 569 Ex
768 510 899 569 omnibus
916 518 1011 569 autern
1026 528 1118 586 gene·

115 595 196 655 ribus
214 594 306 672 palma
325 594 428 653 Serico
450 594 531 654 ferro
552 602 606 653 est.
647 592 737 653 Seres
760 593 816 653 hoc
831 610 894 652 cum
908 592 1041 652 vestibus
1057 596 1117 653 suis

116 678 302 756 pellibusque
323 679 446 736 mittunt.
487 676 614 736 secunda
634 675 788 752 Parthico,
817 694 912 753 neque
933 675 988 736 alia
1007 695 1140 753 generas

115 763 186 821 lerri
200 780 239 820 ex
253 780 333 820 mera
344 763 407 822 acie
421 769 634 839 temperantur,
650 761 758 820 ceteris
772 761 847 819 enim
859 759 1033 818 admiscetur
1047 761 1119 820 mol·

116 844 174 903 lior
196 844 368 921 conplexus.
406 846 435 904 in
457 852 559 904 nostro
583 843 655 903 orbe
675 843 762 903 aliubi
778 861 852 902 vena
869 843 1028 902 bonitatem
1045 842 1119 903 hanc

74 945 109 985 ιιι
120 937 249 1006 praestat
269 937 299 987 ut
322 930 352 987 in
369 927 503 1004 Noricis,
523 927 611 986 aliubi
627 926 737 986 lactura
752 934 784 986 ut
801 926 938 986 Sulmone
948 969 958 1004 ,
981 944 1053 1004 aqua
1068 928 1118 986 uhi

74 1022 125 1076 146
135 1011 268 1088 diximus,
285 1013 393 1090 quippe
410 1029 473 1070 cum
489 1010 658 1071 exacuendo
676 1010 805 1070 oleariae
822 1019 905 1069 cotes
922 1012 1117 1087 aquariaeque

120 1095 254 1155 differant
270 1104 299 1154 et
315 1095 383 1154 oleo
400 1095 553 1155 delicatior
568 1095 616 1153 liat
633 1095 722 1153 acies.
753 1096 930 1171 mirumque,
949 1110 1012 1152 cum
1030 1111 1119 1171 exco-¹
1128 1112 1154 1152 10

119 1187 221 1256 quatur
238 1196 322 1255 vena,
337 1196 430 1256 aquae
448 1177 533 1237 modo
551 1177 653 1254 liquari
672 1178 790 1254 ferrum,
805 1185 910 1255 postea
925 1179 955 1236 in
969 1194 1118 1254 spongeas

118 1262 221 1337 lrangi.
254 1262 388 1320 tenuiora
402 1262 578 1320 ferramenta
594 1259 663 1319 oleo
678 1261 821 1337 restingui
837 1278 899 1319 mos
916 1269 974 1338 est,
992 1279 1029 1320 ne
1045 1278 1118 1337 aqua

116 1345 146 1402 in
161 1343 350 1420 fragilitatem
365 1343 511 1404 durentur.
533 1343 559 1401 A
573 1343 654 1402 ierro
670 1346 786 1420 sanguis
801 1338 939 1403 hum'anus
956 1363 989 1403 se
1004 1343 1118 1403 ulcisci-

115 1436 179 1503 tur,
196 1435 359 1487 contactum
375 1445 495 1505 namque
511 1445 547 1486 eo
564 1426 690 1486 celerius
705 1427 870 1504 robiginem
889 1427 983 1486 trahit.

75 1521 123 1576 lli
202 1510 284 1592 (42.)
297 1509 340 1570 De
357 1520 492 1588 magnete
506 1511 602 1588 lapide
615 1529 668 1570 sno
682 1510 748 1570 loco
765 1510 892 1571 dicemus
903 1511 1117 1588 concordiaque
1128 1530 1153 1571 aa

76 1594 158 1678 Ἢθ
172 1613 254 1672 quam
268 1613 333 1655 cum
351 1595 432 1655 lcrro
447 1594 544 1655 habet.
576 1593 639 1654 sola
656 1595 728 1656 haec
739 1597 859 1655 materia
875 1596 955 1654 virus
972 1594 1007 1654 ab
1025 1612 1062 1654 eo
1077 1594 1117 1654 la-

117 1678 185 1756 pide
201 1680 306 1757 accipit
325 1680 492 1757 retinetque
509 1679 598 1755 longo
625 1687 774 1757 tempore,
798 1678 872 1738 aliud
895 1677 1117 1756 adprehendens

117 1761 242 1839 ferrum,
264 1771 295 1821 ut
318 1763 467 1822 anulorum
490 1771 592 1823 catena
616 1770 768 1841 spectetur
782 1763 945 1838 interdum,
964 1761 1040 1839 quod
1055 1761 1118 1822 vol-

118 1863 172 1922 gus
188 1848 343 1926 inperitum
360 1847 486 1926 adpellat
497 1847 606 1906 ferrum
621 1848 737 1922 vivom,
753 1846 933 1923 volneraque
949 1845 1016 1905 talia
1032 1864 1117 1922 aspe-

77 1939 128 1994 148
140 1931 219 1988 riora
236 1931 317 1990 liunt.
355 1929 402 1989 hic
418 1930 493 2008 lapis
518 1939 548 1990 et
568 1931 598 1989 in
614 1927 769 1990 Cantabria
784 1931 927 2005 nascitur,
949 1945 1007 1988 non
1021 1937 1052 1987 ut
1066 1928 1117 1988 ille
1128 1945 1154 1986 ao

120 2030 239 2089 magnes
254 2031 342 2072 verus
359 2021 442 2072 cante
460 2015 613 2088 continua,
638 2013 691 2073 sed
710 2030 810 2090 sparsa
833 2013 992 2072 bullatione
1011 2045 1055 2057 —
1078 2015 1119 2072 ita

119 2096 265 2174 appellant
277 2132 317 2141 -
327 2138 335 2171 ,
347 2098 448 2156 nescio
462 2115 497 2156 an
509 2098 586 2156 vitro
599 2096 745 2157 fundendo
758 2096 879 2175 perinde
892 2095 982 2173 utilis,
994 2092 1119 2155 nondum

119 2181 194 2237 enim
211 2187 350 2257 expertus
368 2188 415 2239 est
430 2182 595 2258 quisquam,
614 2181 722 2240 ferrum
737 2182 836 2259 utique
854 2180 943 2239 inficit
963 2179 1062 2239 eadem
1079 2180 1117 2238 vi.

117 2260 253 2338 Magnete
267 2262 362 2340 lapide
378 2264 553 2324 architectus
566 2264 752 2324 Timochares
765 2263 960 2325 Alexandriae
972 2262 1116 2322 Arsinoes

118 2345 255 2423 templum
276 2364 478 2408 concamarare
501 2349 706 2426 inchoaverat,
730 2357 760 2406 ut
785 2350 813 2407 in
837 2365 873 2409 co
898 2347 1078 2407 simulacrum
1100 2361 1154 2405 eas

118 2428 199 2489 ierro
215 2430 346 2507 pendere
363 2451 432 2492 aere
447 2433 605 2492 videretur.
627 2433 796 2492 intercessit
808 2434 899 2510 ipsius
914 2447 992 2490 mors
1008 2437 1037 2488 at
1049 2427 1119 2488 Pto·

118 2512 222 2573 lemaei
238 2517 318 2592 regis
335 2517 383 2592 qui
401 2515 429 2574 id
448 2518 545 2576 sorori
564 2534 633 2580 suae
648 2518 775 2575 iusserat
791 2517 864 2576 lieri.

76 2608 126 2661 149
204 2598 250 2657 15.
276 2597 357 2677 (43.)
385 2598 567 2659 bletallorum
595 2601 718 2659 omnium
744 2617 819 2659 vena
851 2600 922 2659 ferri
955 2597 1118 2676 largissima

2 2688 6 2694 '
120 2689 173 2740 est.
210 2679 382 2742 Cantabriae
398 2685 556 2743 maritimae
573 2690 656 2760 parte
678 2700 732 2759 qua
755 2699 882 2743 oceanus
905 2682 1011 2758 adluit,
1033 2699 1117 2741 mons

118 2762 284 2841 praealtus,
307 2766 479 2826 incredibile
502 2767 595 2842 dictu,
621 2774 700 2825 totus
716 2785 804 2827 exea
822 2767 943 2827 materia
959 2773 1021 2842 est,
1039 2773 1071 2824 ut
1088 2768 1155 2825 inao

119 2845 226 2904 ambitu
243 2850 344 2906 oceani
360 2849 491 2910 diximus.
523 2849 643 2910 Ferrum
660 2867 812 2910 accensum
827 2853 907 2928 igni,
929 2851 983 2909 nisi
998 2849 1118 2909 duretur

117 2927 242 3003 ictibus,
264 2933 465 3009 corrumpitur.
504 2933 612 2992 rubens
635 2943 756 2994 nonest
774 2934 870 2994 habile
887 2933 1051 3010 tundendo,
1067 2951 1118 2992 ne·

119 3030 175 3089 que
192 3019 343 3089 antequam
357 3014 510 3076 albescere
526 3017 634 3094 incipit.
664 3026 748 3078 aceto
764 3027 812 3078 aut
826 3018 949 3077 alumine
965 3016 1077 3076 inlitum
1088 3016 1119 3074 lit

118 3097 196 3155 aeris
218 3097 320 3156 simile.
355 3098 381 3156 A
405 3099 540 3177 robigine
564 3100 723 3162 vindicatur
740 3121 859 3162 cerussa
880 3111 910 3162 et
925 3117 1021 3179 gypso
1038 3109 1068 3160 et
1085 3099 1118 3159 li-

77 3193 128 3246 150
142 3180 227 3258 quida
241 3182 317 3258 pice.
341 3182 414 3242 haec
429 3190 475 3242 est
488 3184 569 3244 ferro
582 3203 598 3243 a
611 3182 730 3246 Graecis
743 3185 899 3264 antipathia
912 3185 998 3245 dicta.
1021 3184 1120 3243 ierunt
1129 3199 1156 3240 aa

120 3263 232 3342 quidam
254 3273 283 3324 et
306 3267 451 3344 religione
470 3266 588 3344 quadam
607 3269 636 3328 id
655 3269 718 3331 beri
745 3278 775 3330 et
797 3278 914 3331 exstare
931 3270 1057 3329 ferream
1073 3285 1119 3327 ca·

120 3357 215 3410 tenam
230 3348 304 3427 apud
320 3349 488 3429 Euphraten
505 3369 614 3412 amnem
630 3354 659 3412 in
675 3354 747 3414 urbe
764 3371 838 3432 quae
851 3351 979 3431 Zeugma
990 3350 1119 3430 appella·

116 3440 180 3507 tur,
205 3451 260 3509 qna
275 3432 445 3494 Alexander
459 3433 580 3512 Magnus
603 3437 643 3496 ibi
662 3439 788 3498 iunxerit
803 3446 937 3515 pontem,
954 3437 1034 3495 cuius
1051 3452 1119 3494 anu·
