2378 3840
110 156 168 217 152
451 166 479 213 c.
496 166 590 213 rurus
606 165 755 214 saccum

108 323 242 401 qnoniam
258 322 385 383 invideat
397 320 515 382 bomini.
544 337 612 380 esse
627 328 722 380 autem
737 318 850 398 qualem
862 319 891 376 in
903 317 1010 376 sucinis
1025 317 1110 379 colo·

65 418 99 470 53
113 424 174 466 rem
189 407 306 482 igneum
321 405 488 483 scalpique,
506 421 561 463 nec
576 403 647 464 lolia
661 411 767 463 tantum
783 410 831 461 aut
846 409 1001 461 stramenta
1018 400 1053 460 ad
1073 421 1109 463 se

107 508 212 568 rapere
232 490 284 549 sed
306 490 383 549 acris
406 489 491 548 etiarn
511 505 544 546 ac
563 487 634 546 lerri
656 486 763 546 lamnas
786 484 862 563 quod
877 483 972 544 Diocli
994 483 1109 545 cuidam

109 571 327 651 Theophrastus
340 569 457 651 quoque
469 569 570 630 credit.
589 587 646 647 ego
658 569 762 629 falsum
772 569 802 630 id
813 577 903 628 totum
913 567 1042 627 arbitror
1051 587 1110 629 nec

108 659 197 716 visam
208 658 238 714 in
253 673 327 716 aevo
340 664 441 715 nostro
454 671 594 731 gemmam
606 653 691 712 ullam
707 671 742 713 ea
756 651 952 730 appellatione
966 659 1008 728 et,
1028 652 1134 729 quoda

108 739 144 799 de
159 739 300 799 medicina
315 739 398 799 simul
415 737 562 816 proditur,
579 736 707 796 calculos
723 737 840 795 vesicae
853 743 925 813 poto
941 750 978 794 eo
994 733 1063 794 elidi
1077 743 1109 795 et

107 823 209 882 morbo
222 824 306 899 regio
319 823 466 897 succurri,
483 821 507 880 sl
521 838 559 880 ex
573 821 642 879 vino
655 820 770 880 bibatur
783 827 832 878 aut
844 825 994 896 spectetur
1009 819 1106 878 etiam.

65 918 99 971 54
172 906 253 984 (14.)
268 904 350 964 Nunc
372 921 546 981 gemmarum
560 904 695 963 confessa
715 920 825 979 genera
842 901 968 962 dicemus
989 900 1025 960 ab
1047 900 1109 960 lau·

108 988 262 1048 datlssimis
282 988 353 1058 orsi,
370 1003 424 1044 nec
438 1001 511 1044 vero
527 984 555 1042 id
572 983 665 1043 solnm
680 1001 810 1054 agemus,
826 981 879 1041 sed
894 985 979 1041 etiarn
995 985 1108 1044 maiore

108 1071 233 1132 utilitate
248 1072 326 1132 vitae
349 1070 447 1131 obiter
464 1086 655 1145 coarguemus
672 1067 824 1146 Magorum
841 1065 982 1127 infandam
997 1067 1148 1127 nauita-ro

109 1163 177 1231 tem,
194 1155 306 1231 qnando
324 1153 371 1214 vel
386 1153 515 1232 pluruma
528 1152 569 1210 illi
585 1151 743 1230 prodidere
757 1151 793 1212 de
806 1152 926 1228 gemmis
939 1149 974 1209 ab
990 1149 1109 1210 medici·

108 1256 161 1296 nae
179 1236 363 1296 blandissima
379 1237 479 1314 specie
496 1235 531 1293 ad
547 1235 679 1312 prodigia
696 1235 880 1311 transgressi.

66 1335 98 1384 55
172 1322 200 1378 4.
218 1320 300 1397 (15.)
317 1316 492 1379 -lllanumum'
504 1319 534 1376 in
553 1316 642 1376 rebus
663 1316 810 1393 humanis,
838 1334 896 1376 non
917 1316 1009 1377 solum
1028 1317 1109 1375 inter·

107 1420 251 1480 gemmas,
273 1403 396 1480 pretium
417 1401 505 1460 habet
525 1400 638 1460 adamas
662 1401 709 1460 diu
732 1417 790 1460 non
808 1401 863 1460 nisi
879 1400 999 1477 regibus
1018 1407 1049 1458 et
1068 1400 1107 1458 iis

107 1485 257 1546 admodum
271 1487 370 1564 paucis
387 1487 532 1561 cognitus.
554 1485 594 1544 ita
609 1483 810 1562 appellabatur
824 1484 885 1545 auri
901 1483 992 1543 nodus
1004 1484 1033 1542 in
1047 1501 1108 1542 me·
1120 1501 1145 1540 ιε

108 1569 184 1628 tallis
203 1577 338 1646 repertos
357 1585 495 1647 perquam
516 1585 600 1644 raro,
622 1585 720 1627 comes
743 1586 829 1643 auro,
852 1585 906 1627 nec
921 1568 975 1625 nisi
990 1568 1019 1626 in
1034 1584 1108 1626 auro

108 1654 186 1712 nasci
203 1652 363 1712 videbatur.
396 1650 524 1711 Veteres
543 1669 607 1710 eum
622 1653 651 1710 in
667 1649 844 1728 Aethiopum
858 1649 982 1710 metallis
999 1658 1109 1709 tantum

108 1737 231 1795 inveniri
250 1736 455 1796 existimavere
471 1737 548 1794 inter
563 1733 848 1794 delubrumblercuri
865 1741 894 1792 et
911 1732 1031 1792 insulam
1046 1731 1108 1793 Με-

108 1837 199 1896 roen,
214 1819 407 1897 dixeruntque
420 1835 479 1877 non
494 1817 663 1895 ampliorem
674 1819 799 1877 cucumis
815 1818 925 1877 semino
941 1825 989 1877 aut
1003 1816 1108 1876 colore

65 1912 99 1967 56
110 1901 277 1962 dissimilem
290 1903 421 1961 inveniri.
449 1920 523 1961 nunc
536 1902 655 1979 prlmnm
667 1919 777 1977 genera
790 1902 853 1960 elus
867 1919 921 1959 sex
932 1908 1106 1960 noscuntur:
1118 1919 1146 1961 to

107 1984 196 2046 ludici
213 2003 270 2045 non
286 1987 401 2045 in'auro
418 1992 571 2044 nascentes
590 1990 620 2042 et
639 1982 757 2061 quadam
774 1982 903 2060 crystalli
920 1984 1107 2060 cognatione,

108 2069 249 2146 siqnidem
265 2077 295 2127 et
311 2067 413 2127 colore
429 2064 570 2125 tralucido
586 2083 644 2124 non
658 2065 811 2142 dillernnt,
827 2075 857 2126 et
867 2067 989 2126 laterum
1005 2083 1109 2126 sexan-

106 2152 176 2227 gulo
194 2152 296 2210 levore
313 2148 449 2209 turbinati
463 2150 492 2208 in
508 2165 674 2209 mucronem
690 2169 707 2211 e
723 2149 832 2210 duabus
849 2151 1002 2211 contrariis
1018 2151 1107 2228 parti·

107 2235 178 2309 bus,
200 2250 257 2311 quo
273 2233 364 2309 magis
380 2234 531 2309 miremur,
552 2242 583 2291 ut
599 2235 623 2294 si
643 2233 700 2294 duo
722 2234 852 2296 turbines
876 2234 1024 2294 latissimis
1046 2234 1108 2292 suis

107 2317 237 2395 partibus
253 2318 420 2394 iungantur,
440 2316 634 2393 magnitudine
649 2336 721 2378 vero
741 2321 826 2377 etlam
842 2316 966 2378 abellani
982 2315 1106 2375 nuculei.
1118 2339 1146 2379 as

106 2401 207 2461 similis
225 2409 271 2460 εει
286 2400 352 2459 lruic
367 2399 511 2476 Arabius,
526 2402 620 2461 minor
634 2410 758 2476 tantum,
776 2400 909 2459 similiter
926 2407 955 2457 et
971 2416 1108 2476 nascens,

107 2485 214 2545 ceteris
238 2483 332 2562 pallor
356 2485 469 2560 argenti
494 2492 525 2543 et
552 2485 582 2542 in
603 2501 672 2543 auro
696 2501 753 2542 non
780 2483 834 2539 nisi
856 2480 1107 2541 excellentissimo

64 2576 96 2632 ut
109 2567 222 2628 natalis.
265 2566 416 2627 incudibus
452 2566 481 2626 hi
517 2566 733 2645 deprenduntur
762 2565 801 2622 ita
830 2570 1006 2641 respuentes
1031 2562 1107 2624 ictus

107 2659 137 2710 ut
149 2653 258 2710 lerrum
281 2657 424 2726 utrimque
446 2653 598 2722 dissultat,
615 2649 733 2705 incudes
759 2648 841 2725 ipsae
855 2648 941 2707 etiam
953 2645 1106 2707 dissiliant.

107 2735 214 2811 quippe
231 2733 334 2792 duritia
352 2731 554 2792 inenarrabilis
571 2739 634 2807 est,
652 2729 794 2808 simulque
813 2731 920 2808 ignium
936 2729 1043 2790 victrix
1057 2749 1106 2790 na·
1118 2753 1147 2794 aa

108 2825 169 2874 tura
183 2824 212 2874 et
224 2832 373 2890 numquam
386 2815 575 2873 incalescens.
602 2811 677 2871 unde
694 2821 724 2872 et
741 2830 846 2874 nomen
861 2805 1107 2892 inter'pretatione

107 2897 217 2956 Graeca
233 2895 369 2955 indomita
387 2899 431 2956 vis
447 2897 569 2974 accepit.
611 2913 694 2954 unum
714 2915 752 2956 ex
772 2898 809 2957 iis
825 2906 931 2958 vocant
947 2895 1106 2971 cenchron,

105 2980 164 3038 mili
187 2978 390 3054 magnitudine.
432 2978 553 3038 alterum
577 2977 777 3040 Macedonium
798 2981 827 3040 in
849 2978 1013 3059 Philippico
1034 2998 1106 3039 auro

64 3072 274 3142 serapertum,
298 3062 345 3121 hic
372 3070 417 3121 est
439 3063 564 3121 cucumis
587 3065 690 3123 semini
712 3082 774 3143 par.
812 3073 880 3143 post
902 3064 956 3123 hos
980 3062 1106 3141 Cyprius

106 3156 225 3208 vocatur
247 3147 276 3204 in
299 3143 397 3224 Cypro
418 3154 572 3224 repertus,
603 3165 730 3225 vergens
760 3147 794 3208 ad
820 3165 937 3208 aereum
963 3146 1145 3223 coloremus

75 3251 96 3286 n
109 3230 161 3291 sed
176 3233 205 3290 in
217 3229 327 3291 medica
342 3231 388 3306 vi,
405 3229 440 3290 de
456 3247 511 3308 qua
525 3229 669 3308 dicemus,
688 3232 913 3291 efficacissimus.
944 3239 1014 3309 post
1033 3228 1107 3289 hunc

107 3314 243 3375 siderites
259 3314 350 3374 ferrei
363 3311 545 3394 splendoris,
561 3314 692 3391 pondere
708 3324 775 3374 ante
787 3323 924 3391 ceteros,
939 3313 992 3374 sed
1005 3321 1107 3373 natura

105 3398 261 3458 dissimilis.
303 3416 367 3458 nam
387 3408 416 3459 et
437 3397 541 3459 ictibus
558 3398 653 3475 frangi
674 3406 704 3458 et
719 3398 777 3457 alio
792 3397 942 3458 adamante
959 3394 1105 3475 perforari
