2378 3840
112 169 171 232 106
452 181 482 230 c.
504 181 600 230 annu
620 180 769 230 sucuuor

112 344 212 397 centas
227 333 278 394 LX
295 335 440 396 columnas
457 335 496 396 Μ.
513 335 612 395 Scauri
632 336 779 396 aedilitate
794 335 830 395 ad
851 353 984 396 scaenam
1002 335 1108 396 theatri

111 419 278 497 temporarii
301 427 331 478 et
351 420 401 477 vix
420 437 520 479 mense
542 436 599 478 uno
621 420 710 479 futuri
728 421 757 478 in
777 438 830 478 usu
846 419 979 478 viderunt
997 420 1107 497 portari

112 504 230 563 silentio
253 501 366 579 legum,
388 502 441 562 sed
458 502 582 581 publicis
602 504 732 561 nimirum
753 501 937 579 indulgentes
952 502 1108 580 voluptati-

111 586 174 647 bus.
211 585 239 644 id
260 587 353 664 ipsum
375 583 444 645 cur?
467 595 515 645 aut
538 604 593 663 qua
615 587 705 664 magis
722 588 769 646 via
786 587 921 664 inrepunt
937 587 1006 645 vitia
1023 604 1108 664 quam

112 670 249 749 publicat
265 685 322 747 quo
339 670 414 729 enim
429 670 485 729 alio
498 669 584 729 modo
601 671 630 728 in
645 670 773 748 privatos
790 688 858 729 usus
878 687 987 729 venere
1004 668 1130 745 ebora,5

86 761 231 828 taurum,
253 770 402 829 gemmae,
429 762 477 813 aut
493 752 561 831 quid
584 755 700 813 omnino
722 753 765 812 dis
789 748 977 830 reliquimus?
1008 770 1108 810 verum

112 845 195 912 esto,
221 835 394 896 indulserint
423 837 546 915 publicis
567 836 783 914 voluptatibus,
811 837 935 895 etiamne
957 843 1108 894 tacuerunt

111 937 254 978 maxumas
281 937 377 979 carum
397 929 484 997 atque
509 920 582 980 adeo
604 919 912 997 duodequadragenum
935 917 1040 996 pedum
1054 916 1108 976 bu·

112 1002 199 1063 cullei
211 1005 360 1062 marmoris
377 1005 406 1062 in
419 1005 494 1064 atrio
510 1003 610 1063 Scauri
627 1000 795 1062 conlocari?
811 1021 865 1062 nec
881 1002 954 1061 clam
969 1001 997 1061 id
1012 1001 1108 1061 occul-

114 1095 202 1165 teque
215 1087 321 1146 iactum
339 1096 393 1146 est.
417 1088 558 1148 satisdare
577 1087 633 1147 sibi
652 1086 744 1146 damni
761 1086 860 1146 infecti
878 1086 977 1162 coegit
995 1084 1107 1144 redem·
1119 1108 1144 1148 ro

113 1179 182 1248 ptor
193 1169 372 1245 cloacarum,
389 1188 452 1229 cum
466 1173 495 1229 in
511 1170 649 1230 Palatium
664 1188 717 1229 cae
735 1168 927 1229 traherentur.
959 1185 1018 1227 non
1033 1184 1107 1245 ergo

110 1255 140 1312 in
156 1261 210 1311 tam
226 1251 302 1311 malo
319 1252 454 1330 exemplo
469 1253 598 1312 moribus
621 1253 716 1312 caveri
734 1252 831 1312 utilius
847 1248 964 1313 fuerat?
987 1259 1107 1310 tacuere

111 1343 204 1394 tantas
219 1334 304 1393 molis
320 1336 349 1393 iu
364 1337 504 1413 privatam
520 1336 632 1395 domum
649 1335 722 1395 trahi
738 1343 857 1414 praeter
873 1334 971 1394 lictilia
986 1334 1107 1393 deorum

110 1419 235 1495 fastigia.

84 1545 100 1602 7
176 1537 203 1597 3.
227 1536 287 1615 (3.)
309 1533 371 1594 Nec
393 1543 493 1613 potest
514 1535 607 1595 videri
622 1534 746 1596 Scaurus
762 1535 825 1595 rudi
841 1545 871 1596 et
884 1536 967 1595 buius
984 1535 1048 1594 mali
1066 1536 1109 1594 in·
1120 1557 1144 1597 u

112 1618 254 1698 providae
269 1620 379 1679 civitati
396 1619 566 1697 obrepsisse
588 1618 711 1696 quodam
734 1621 786 1679 viti
801 1619 974 1679 rudimento.
1004 1619 1059 1677 iam
1076 1616 1106 1678 L.

111 1700 245 1762 Crassum
269 1711 416 1762 oratorem
430 1702 509 1761 illum
531 1705 578 1779 qui
603 1704 710 1780 primus
729 1705 878 1781 peregrini
894 1702 1043 1762 marmoris
1059 1718 1108 1761 co·

111 1785 220 1844 lumnas
238 1784 337 1845 habuit
352 1788 381 1845 iu
397 1786 501 1846 eodem
516 1785 639 1863 Palatio,
657 1784 817 1861 Hymettias
837 1795 931 1845 tamen
945 1803 1000 1844 nec
1015 1784 1107 1862 pluris

110 1887 165 1928 sex
183 1879 230 1929 aut
249 1870 400 1946 longiores
415 1868 577 1930 duodenum
595 1868 715 1946 pedum,
730 1868 766 1928 Μ.
781 1868 886 1929 Brutus
902 1870 931 1928 iu
947 1870 1049 1945 iurgiis
1068 1867 1106 1928 ob

81 1953 141 2017 8id
162 1952 310 2013 Venerem
330 1951 484 2012 Palatinam
509 1952 716 2030 appellaverat.
752 1953 883 2011 nimirum
903 1954 960 2012 ista
980 1953 1106 2011 omisere
1116 1971 1143 2012 ao

111 2036 240 2096 moribus
257 2036 358 2110 victis,
374 2035 539 2112 irustraque
557 2035 710 2094 interdicta
726 2052 800 2113 quae
816 2044 969 2094 vetuerant
986 2051 1109 2093 cernen-

112 2128 157 2178 tes
173 2119 265 2177 nullas
281 2119 377 2195 potius
396 2135 479 2196 quam
500 2119 600 2178 inritas
624 2137 692 2178 esse
708 2118 794 2195 leges
812 2118 983 2178 maluerunt.
1028 2115 1108 2177 llaec

110 2210 197 2279 atque
214 2218 288 2278 quae
304 2208 441 2261 secuntur
456 2201 595 2262 meliores
611 2221 679 2263 esse
690 2219 744 2263 nos
762 2202 934 2281 probabunt.
955 2202 1019 2281 quis
1031 2201 1108 2259 enirn

109 2284 197 2345 hodie
216 2292 356 2344 tantarum
376 2283 570 2344 columnarum
592 2288 694 2346 atrium
717 2282 826 2347 babet?
847 2285 900 2346 sed
920 2287 1000 2363 prius
1024 2301 1107 2361 quam

109 2368 146 2429 de
161 2368 350 2429 marmoribus
363 2369 488 2429 dicamus
505 2368 648 2429 hominum
659 2371 688 2429 in
703 2371 739 2429 iis
755 2368 931 2447 proferenda
947 2365 1105 2426 iudicamus
1118 2386 1143 2428 u

110 2455 222 2530 pretia,
238 2461 305 2513 ante
322 2454 409 2529 igitur
425 2453 552 2512 artifices
568 2453 817 2532 percensebimus.

85 2597 102 2652 9
176 2589 204 2646 t.
220 2588 263 2664 (4.
280 2581 324 2665 Τ.)
340 2585 485 2646 Marmore
501 2586 659 2665 scalpendo
674 2585 758 2663 primi
773 2582 896 2641 omnium
911 2578 1107 2641 inclaruerunt

110 2669 261 2747 Dipoenus
275 2677 304 2730 et
317 2668 423 2745 Scyllis
434 2670 525 2747 geniti
537 2671 566 2727 in
579 2666 666 2727 Creta
676 2664 767 2724 insula
783 2666 936 2725 etiamnum
947 2662 1040 2724 Medis
1056 2664 1107 2722 im-

108 2753 277 2831 perantibus
293 2754 432 2830 priusque
448 2769 531 2828 quam
543 2749 635 2826 Cyrus
653 2751 682 2808 iu
693 2747 792 2808 Persis
808 2766 932 2826 regnare
951 2747 1106 2824 inciperet,

109 2833 167 2894 hoc
190 2843 235 2894 est
255 2834 419 2912 olympiade
442 2835 560 2893 circiter
580 2831 610 2891 L.
654 2830 683 2891 hi
707 2830 862 2909 Sicyonem
883 2851 916 2892 se
941 2829 1106 2907 contulere,
1116 2855 1143 2897 30

110 2935 184 2995 quae
210 2916 257 2975 diu
278 2917 331 2975 luit
353 2916 529 2976 cilicinarum
544 2916 668 2975 omnium
686 2914 784 2975 talium
801 2917 903 2994 patria.
932 2916 1052 2976 deorum
1069 2915 1107 2972 si·

108 2999 233 3059 mulacra
261 2998 378 3076 publice
408 2999 577 3058 locaverant
598 3000 633 3059 iis
655 2998 800 3076 Sicyonii,
824 3017 899 3076 quae
921 3000 1001 3077 prius
1024 3014 1107 3075 quarn

108 3084 332 3144 absolverentur
358 3081 485 3142 artifices
507 3083 638 3142 iniuriam
662 3081 758 3162 questi
788 3083 890 3144 abiere
918 3084 947 3142 in
969 3079 1105 3141 Aetolos.

66 3180 99 3233 10
110 3169 243 3247 protinus
259 3165 413 3242 Sicyonem
434 3166 524 3226 fames
541 3168 646 3226 invasit
661 3184 695 3226 ac
715 3166 856 3227 sterilitas
876 3182 1050 3243 maerorque
1066 3162 1108 3222 di·

90 3271 165 3311 rus.
220 3251 376 3312 remedium
404 3250 571 3328 petentibus
603 3249 713 3328 Apollo
740 3249 859 3326 Pythius
885 3247 1051 3328 respondit:
1081 3248 1105 3305 si
1116 3269 1143 3310 as

108 3335 259 3415 Dipoenus
285 3343 314 3395 et
342 3333 448 3412 Scyllis
476 3333 596 3394 deorum
619 3333 769 3393 simulacra
792 3334 1005 3411 perfecissent,
1029 3329 1107 3406 quod

89 3421 217 3494 <magnis
230 3417 416 3479 mercedibus
432 3418 642 3496 obsequiisque
654 3418 828 3497 inpetratum
840 3425 894 3477 est.
916 3417 999 3476 fuere
1012 3420 1108 3472 autem
