2378 3840
147 147 186 240 St
491 189 520 236 c.
536 187 793 237 aurursuounnr

104 355 135 408 91
154 362 212 403 non
235 351 280 402 est
299 341 385 402 iacile
411 341 496 401 dictu.
542 341 605 419 [151
628 340 775 400 Venerem
797 348 951 400 exeuntem
972 359 988 399 e
1010 342 1078 399 mari
1102 341 1142 400 di·

146 445 199 485 vos
216 426 364 503 Augustus
382 425 487 484 dicavit
509 425 538 483 in
557 424 679 484 delubro
698 425 788 502 patris
811 420 963 500 Caesaris,
982 441 1055 500 quae
1077 442 1142 483 ana·

147 510 290 585 dyomene
306 516 442 585 vocatur,
459 507 592 568 versibus
606 505 724 566 Graecis
740 507 788 566 tali
803 524 911 585 opere,
925 506 988 564 dum
1000 506 1141 579 laudatur,

146 594 223 652 victo
247 591 298 651 sed
317 591 485 667 inlustrato,
505 592 585 650 cuius
601 590 769 650 inferiorem
787 598 898 668 partem
915 599 1079 667 corruptam
1094 594 1142 666 qui

146 677 282 734 reliceret
307 691 364 733 non
392 675 486 751 potuit
514 674 656 752 reperiri,
685 691 784 733 verum
807 675 870 750 ipsa
886 673 987 732 iniuria
1004 673 1094 730 cessit
1113 674 1164 733 ina

146 758 268 833 gloriam
289 757 416 816 artificis.
452 759 604 817 consenuit
618 755 691 815 haec
705 755 801 815 tabula
817 756 911 831 carie,
927 753 1069 833 aliamque
1087 773 1141 833 pro

103 848 183 901 anea
203 840 351 899 substituit
367 838 447 899 Nero
470 841 631 918 principatu
651 854 704 897 suo
720 837 863 898 Dorothei
884 855 976 897 manu.
1017 837 1141 915 Apelles

146 923 333 983 inchoaverat
354 930 383 982 et
403 922 485 982 aliam
499 921 646 982 Venerem
663 918 715 981 Coi
735 929 922 999 superaturus
941 921 1043 979 lamam
1065 920 1142 978 illam

147 1024 224 1064 suam
246 1008 383 1084 priorem.
420 1005 522 1064 invidit
542 1023 621 1064 mors
640 1013 758 1083 peracta
780 1012 879 1082 parte,
902 1021 956 1062 nec
974 1005 1020 1079 qui
1042 1021 1142 1062 sucee-

147 1091 231 1147 deret
249 1091 331 1165 operi
356 1088 390 1147 ad
412 1089 592 1166 praescripta
609 1088 773 1148 liniamenta
793 1092 927 1149 iuventus
952 1098 1005 1148 est.
1043 1092 1136 1166 pinxit
1152 1105 1176 1145 no

147 1179 177 1229 et
193 1170 389 1230 Alexandrum
409 1170 542 1247 Magnum
560 1171 668 1230 fulmen
691 1180 838 1232 tenentem
860 1174 889 1231 in
912 1173 1021 1250 templo
1039 1172 1140 1251 Ephe-

147 1254 207 1311 siae
224 1253 333 1314 Dianae
350 1255 453 1330 viginti
475 1254 592 1313 talentis
609 1255 681 1313 auri.
711 1254 793 1332 digiti
811 1256 940 1316 eminere
957 1255 1091 1316 videntur
1109 1266 1139 1317 et

146 1335 252 1396 fulmen
268 1344 351 1395 extra
366 1336 490 1397 tabulam
505 1356 572 1396 esse
588 1373 628 1381 -ι
644 1338 779 1416 legentes
797 1341 978 1399 meminerint
996 1342 1088 1398 omnia
1104 1360 1139 1401 ea

111 1426 133 1505 5'
146 1428 282 1496 quattuor
292 1419 440 1481 coloribus
452 1422 527 1481 iacta
538 1451 590 1499 -,
600 1423 799 1500 manipretium
814 1425 877 1482 eius
891 1422 1004 1483 tabulae
1017 1425 1045 1483 iu
1061 1443 1138 1483 num-

94 1494 129 1615 ‘tq
145 1520 191 1561 mo
204 1521 293 1563 aureo
309 1521 443 1564 mensura
459 1499 582 1583 accepit,
595 1523 652 1564 non
664 1524 793 1566 numero.
817 1507 883 1646 [md
894 1509 985 1584 pinxit
1000 1515 1030 1565 et
1040 1506 1139 1585 Mega·
1151 1530 1172 1569 rs

142 1584 207 1658 byzi
228 1585 388 1644 sacerdotis
406 1584 514 1645 Dianae
529 1584 676 1664 Ephesiae
693 1604 843 1664 pompam,
885 1587 964 1645 litum
983 1604 1044 1644 curn
1061 1605 1137 1664 equo

143 1667 176 1725 ad
198 1667 306 1727 bellum
325 1670 527 1746 festinantem,
555 1669 667 1745 galeam
691 1671 826 1746 poscenti
849 1672 1019 1746 armigerum
1047 1673 1138 1747 porri·

142 1758 269 1825 gentem.
307 1751 500 1810 Alexandrum
523 1760 551 1810 et
574 1751 735 1830 Philippum
760 1755 895 1830 quotiens
917 1754 1044 1830 pinxerit
1070 1771 1138 1812 enu-

141 1850 253 1908 merare
275 1852 482 1912 supervacuum
505 1843 559 1897 est.
595 1837 732 1893 mirantur
754 1837 815 1893 eius
835 1834 999 1894 Habronem
1015 1834 1090 1894 Sarni
1108 1845 1138 1895 et

143 1915 326 1975 Menandrum
353 1936 453 1993 regern
475 1916 577 1976 Cariae
599 1917 713 1991 Rhodi,
738 1919 806 1976 item
822 1918 981 1994 Antaeum,
1010 1918 1172 1979 Alexan-ao

141 1998 229 2058 dreae
246 1997 469 2075 Gorgosthenen
492 1999 677 2076 tragoedum,
695 1999 806 2060 Romae
823 1999 974 2060 Castorem
997 2010 1027 2060 et
1041 2000 1137 2060 Pollu-

141 2099 203 2139 cem
218 2099 280 2140 cum
299 2080 430 2140 Victoria
446 2090 475 2140 et
491 2081 658 2142 Alexandro
676 2081 798 2160 Magno,
814 2085 882 2143 item
895 2084 968 2144 Belli
986 2086 1137 2160 imaginem

140 2165 284 2222 restrictis
301 2164 336 2222 ad
348 2172 430 2240 terga
445 2165 591 2241 manibus,
608 2165 775 2226 Alexandro
788 2167 816 2226 iu
832 2186 917 2227 curru
933 2167 1136 2244 triumphante,

98 2253 133 2309 §A
144 2262 213 2323 quas
234 2255 369 2324 utrasque
387 2247 497 2307 tabulas
518 2248 600 2307 divos
624 2247 773 2326 Augustus
791 2251 819 2309 in
838 2252 894 2311 iori
911 2252 954 2310 sui
977 2250 1136 2310 celeberri-

167 2330 192 2388 is
210 2330 340 2407 partibus
357 2330 503 2391 dicaverat
518 2332 700 2410 simplicitate
714 2334 878 2409 moderata,
901 2333 983 2392 divos
1001 2332 1136 2392 Claudius
1146 2358 1172 2397 25

127 2335 232 2573 Ylurh
253 2415 427 2473 existimavit
448 2416 586 2493 utrisque·
599 2417 697 2474 excisa
718 2415 874 2474 Alexandri
900 2415 975 2473 facie
998 2414 1062 2472 divi*
1077 2414 1137 2475 Au·

160 2499 215 2556 usti
233 2498 372 2574 imagines
393 2496 510 2558 addere.
550 2498 678 2558 eiusdem
694 2498 868 2556 arbitrantur
881 2513 992 2554 manum
1015 2514 1083 2555 csse
1106 2508 1137 2558 et

139 2582 168 2638 in
184 2581 329 2639 Antoniae
351 2580 458 2658 templo
474 2579 628 2640 Herculem
648 2595 797 2653 aversum,
822 2584 870 2652 ut,
898 2577 975 2655 quod
1000 2586 1045 2637 est
1063 2579 1136 2639 diiii·

138 2663 291 2738 cillimum,
313 2663 416 2723 taciem
438 2666 500 2723 eius
516 2662 650 2722 ostendat
667 2661 766 2730 verius
786 2661 897 2737 pictura
918 2677 1000 2738 qnam
1016 2666 1135 2739 promit-

140 2752 190 2802 tat.
223 2745 315 2820 pinxit
337 2753 366 2804 et
387 2744 478 2805 heroa
499 2745 618 2820 nudum,
642 2759 735 2819 eaque
759 2744 869 2820 pictura
892 2752 1020 2804 naturam
1043 2746 1135 2822 ipsam
1145 2771 1171 2811 ac

96 2836 129 2889 95
141 2827 322 2902 provocarit.
340 2826 404 2905 [171
414 2835 460 2886 est
474 2836 503 2886 et
517 2844 585 2885 ecus
597 2827 659 2885 eius
673 2828 736 2884 sive
749 2826 802 2885 iuit
816 2828 910 2904 pictus
922 2829 951 2886 in
965 2829 1134 2906 certamine,

139 2925 195 2985 quo
211 2907 345 2965 iudicium
362 2909 396 2967 ad
411 2918 502 2968 mutas
517 2907 710 2986 quadripedes
726 2912 897 2986 provocarit
911 2910 947 2970 ab
960 2910 1134 2973 bominibus.

136 3001 139 3005 ’
158 3006 259 3066 amque
283 2989 389 3048 ambitu
408 2991 578 3067 praevalere
601 2990 729 3051 aemulos
746 2995 876 3053 sentiens
892 2993 1070 3070 singulorum
1091 2997 1134 3072 pi·

129 2997 233 3226 {taras
251 3071 374 3132 inductis
397 3076 479 3151 equis
496 3075 638 3151 ostendit,
659 3074 774 3152 Apellis
789 3084 897 3136 tantum
913 3094 989 3153 equo
1007 3077 1133 3137 adhinni-

159 3175 209 3217 ere
219 3199 228 3232 ,
246 3156 333 3233 idque
350 3165 380 3216 et
394 3164 499 3235 postea
515 3176 632 3237 semper
652 3158 767 3236 evenit,
791 3168 821 3218 ut
839 3161 1067 3237 experimentum
1087 3179 1131 3220 ar·
1142 3186 1168 3226 35

91 3250 129 3313 pfl
141 3243 178 3299 tis
194 3239 263 3299 illud
280 3247 483 3301 ostentaretur.
517 3242 587 3301 iecit
603 3249 632 3301 et
649 3240 871 3319 Neoptolemum
888 3261 926 3302 ex
940 3261 1015 3321 equo
1032 3244 1132 3304 adver·

138 3342 187 3382 sus
199 3323 322 3400 Persas,
341 3322 514 3384 Archelaum
529 3343 591 3384 eum
606 3341 697 3384 uxore
714 3332 742 3384 et
757 3324 830 3402 lilia,
846 3324 1020 3403 Antigonum
1036 3326 1131 3388 thora·

135 3415 227 3464 catum
257 3424 321 3465 cum
349 3424 424 3485 equo
449 3409 640 3469 incedentem.
684 3409 840 3486 peritiores
868 3411 937 3468 artis
963 3409 1131 3485 praeierunt
