2378 3840
118 191 155 251 12
461 204 489 252 c.
511 204 606 250 ruunt
627 202 776 250 suenum

115 357 190 416 dicti
223 376 290 418 mox
304 357 372 434 lege
389 357 501 436 Papiria
518 358 698 416 semunciarii
718 373 800 416 asses
820 356 895 415 iacti.
927 353 1024 414 Livius
1040 354 1113 413 Dru-

115 442 206 500 susim
224 442 368 501 tribunatu
384 441 482 519 plebei
499 448 628 499 octavam
639 448 751 518 partem
762 441 839 499 aeris
852 447 975 514 argento
988 441 1109 497 miscuit.

114 525 139 583 is
153 525 199 602 qui
216 543 289 583 nunc
300 523 477 584 Victoriatus
499 523 662 601 appellatur
682 523 750 600 lege
767 520 867 582 Clodia
883 539 1038 599 percussus
1056 531 1109 580 est.

114 617 198 666 antea
222 610 297 668 enim
317 607 363 665 hic
390 625 516 665 nummus
542 625 581 666 ex
600 606 719 682 lllyrico
746 607 883 666 advectus
910 606 1015 664 mercis
1042 605 1110 664 loco

114 690 282 750 habebatur.
333 699 379 750 est
409 699 504 750 autem
529 689 817 770 signatusVictoria
848 697 878 748 et
903 687 969 747 inde
996 705 1133 748 nomems

71 783 104 837 tt
119 773 234 833 Aureus
251 792 377 832 nummus
397 783 465 851 post
484 789 574 832 annos
595 771 631 831 LI
654 791 810 851 percussus
832 780 879 831 est
902 788 986 847 quam
1007 789 1111 848 argen-

116 865 197 933 teus,
220 859 260 916 ita
282 867 312 915 ut
337 857 493 934 scripulum
518 855 630 915 valeret
651 857 798 915 sestertiis
820 856 950 930 vicenis,
973 855 1050 931 quod
1070 855 1111 914 ei·

115 940 174 998 ficit
196 941 224 999 in
248 939 343 1000 librali
374 941 488 999 ratione
510 937 550 972 *l
574 940 703 999 sestertii
731 941 778 1016 qui
808 947 874 997 tunc
897 947 979 996 erant
1000 934 1109 997 CCCC.
1141 996 1142 999 ,

114 1032 218 1100 postea
240 1024 347 1102 placuit
366 1021 415 1082 XL
440 1024 548 1100 signari
565 1041 604 1082 ex
619 1020 682 1082 auri
703 1022 803 1098 libris,
820 1021 1012 1100 paulatimque
1032 1022 1109 1098 prin·

115 1108 196 1184 cipes
212 1109 371 1187 inminuere
388 1106 516 1184 pondus,
534 1115 563 1165 et
578 1107 762 1165 novisissime
777 1104 857 1165 Nero
874 1105 908 1163 ad
924 1102 1010 1162 XLV.
1111 1107 1145 1164 'ro

72 1200 106 1253 48
183 1192 262 1272 (ll.)
285 1190 343 1248 Sed
364 1207 379 1247 a
402 1205 514 1247 nummo
532 1191 623 1266 prima
643 1188 756 1264 origine
771 1189 907 1247 avaritiae
923 1187 1044 1246 faenore
1060 1206 1110 1247 ex·

115 1275 242 1348 cogitata
262 1280 496 1350 quaestuosaque
518 1273 643 1348 segnitia
663 1290 717 1331 nec
738 1271 873 1349 paulatim
893 1272 1003 1329 exarsit
1028 1271 1109 1331 rabie

114 1355 232 1432 quadam
255 1372 312 1414 non
332 1356 386 1413 iam
401 1355 520 1413 avaritia
536 1354 588 1414 sed
603 1355 692 1414 fames
709 1356 788 1431 auri,
810 1362 910 1432 utpote
927 1372 990 1413 cum
1004 1353 1110 1432 Septu-

113 1438 235 1498 muleius
254 1435 305 1496 Gai
321 1435 441 1497 Gracchi
456 1437 603 1497 familiaris
620 1455 690 1497 auro
712 1437 927 1516 rependendum
944 1445 1028 1514 caput
1046 1439 1109 1496 eius
1155 1451 1163 1466 ·

115 1521 259 1580 abscisum
272 1521 306 1580 ad
323 1519 466 1599 Opimium
484 1521 583 1580 tulerit
604 1521 781 1599 plumboque
803 1523 832 1580 in
854 1539 887 1580 os
906 1520 1001 1580 addito
1019 1522 1144 1598 parri-rs

101 1605 190 1681 gaidio
207 1622 259 1663 suo
276 1623 338 1664 rem
352 1604 495 1682 publicam
509 1605 596 1664 etiam
611 1607 888 1684 circumscripserit,
904 1622 959 1663 nec
975 1604 1030 1663 iam
1042 1600 1109 1674 Qui-

93 1689 207 1748 .'ritium
222 1687 326 1766 aliquis
339 1688 392 1747 sed
404 1690 541 1748 universo
556 1690 670 1748 nomine
684 1687 813 1747 Romano
826 1688 921 1747 infami
937 1705 991 1746 rex
1001 1685 1110 1745 blithri·

115 1771 196 1830 dates
212 1770 331 1849 Aquilio
347 1771 411 1830 duci
433 1780 518 1850 capto
535 1789 634 1831 aurum
648 1773 677 1829 in
693 1787 726 1829 os
743 1771 854 1830 infudit.
883 1771 956 1829 hacc
971 1771 1046 1847 parit
1062 1770 1110 1828 ha·

70 1854 202 1928 49bendi
229 1854 349 1932 cupido!
384 1855 473 1932 pudet
495 1856 653 1913 intuentem
675 1854 788 1911 nomina
811 1855 867 1911 ista
891 1870 964 1928 quae
986 1851 1109 1912 subinde

115 1955 189 1997 nova
205 1936 317 1996 Graeco
332 1954 468 1996 sermone
491 1937 693 2011 excogitantur
709 1937 845 2012 insperso
866 1937 1015 2010 argenteis
1031 1937 1109 1994 vasis
1119 1953 1144 1991 m

113 2037 183 2078 auro
201 2027 230 2077 et
248 2019 371 2092 incluso,
388 2018 491 2094 quibus
504 2017 616 2076 deliciis
630 2017 721 2095 pluris
737 2025 863 2076 veneunt
881 2019 1009 2075 inaurata
1026 2036 1110 2094 quam

113 2119 217 2175 aurea,
239 2119 302 2159 cum
323 2102 444 2158 sciamus
469 2099 655 2160 interdixisse
678 2102 781 2159 castris
804 2101 863 2158 suis
886 2098 1054 2177 Spartacum
1072 2121 1110 2162 ne

113 2185 176 2260 quis
194 2200 292 2242 aurum
313 2183 436 2242 haberet
456 2192 504 2243 aut
523 2192 681 2259 argentum.
721 2191 800 2243 tanto
816 2183 880 2261 plus
896 2183 949 2242 iuit
965 2183 1049 2242 animi
1068 2185 1110 2244 iu·

70 2279 105 2330 50
115 2267 214 2342 gitivis
231 2265 354 2326 nostris!
371 2265 497 2326 Messala
510 2276 610 2326 orator
625 2267 753 2346 prodidit
765 2267 921 2326 Antonium
932 2268 1109 2326 triumvirum

112 2351 208 2408 aureis
227 2368 309 2408 usum
323 2351 401 2409 vasis
417 2351 446 2409 in
468 2350 599 2411 omnibus
619 2351 756 2411 obscenis
781 2351 951 2429 desideriis,
975 2350 1143 2427 pudendoas

113 2435 232 2492 crimine
265 2435 351 2493 etiarn
373 2431 557 2512 Cleopatrae.
602 2452 708 2493 summa
728 2435 802 2512 apud
826 2443 946 2493 exteros
974 2434 1108 2493 licentiae

113 2518 207 2577 iuerat
222 2516 385 2595 Philippum
402 2536 504 2595 regem
521 2517 627 2596 poculo
650 2534 740 2576 aureo
761 2517 886 2594 pulvinis
910 2517 1026 2576 subdito
1042 2516 1108 2576 dor-

112 2602 184 2659 mire
204 2600 330 2676 solitum,
346 2599 515 2676 Hagnonem
528 2599 628 2660 'leium
640 2598 799 2658 Alexandri
814 2599 910 2676 llagni
930 2600 1108 2678 praelectum

112 2685 208 2741 aureis
237 2683 326 2741 clavis
353 2684 492 2759 suffigere
514 2683 657 2761 crepidas.
697 2681 841 2742 Antonius
870 2683 980 2761 sophus
1008 2692 1107 2743 contu-

116 2765 200 2822 melia
218 2773 337 2823 naturae
353 2765 494 2825 vilitatem
515 2783 585 2824 auro
601 2766 681 2825 iecit.
715 2783 732 2824 o
748 2765 864 2842 dignum
880 2767 1108 2845 proscriptione,
1118 2790 1143 2832 ao

112 2847 164 2906 sed
180 2846 327 2923 Spartaci!

69 2943 100 2995 51
177 2929 258 3005 (15.)
280 2927 420 3007 Equidem
439 2931 528 2989 miror
544 2930 681 3008 populum
695 2930 853 2991 Romanum
868 2933 953 2992 victis
970 2932 1107 3008 gentibus

111 3014 140 3071 in
162 3011 270 3070 tributo
294 3015 410 3090 semper
435 3023 585 3090 argentum
605 3016 784 3092 imperasse,
808 3033 865 3075 non
892 3033 1005 3090 aurum,
1034 3017 1108 3075 sicut

112 3092 277 3171 Carthagini
294 3114 357 3155 curn
371 3095 529 3158 hannibale
543 3099 635 3157 victae
651 3099 916 3176 octingentamilia,
930 3102 993 3167 Xt’ri
1010 3099 1106 3177 pondo

111 3197 201 3238 annua
226 3181 254 3237 in
276 3181 481 3257 quinquaginta
502 3199 611 3257 annos,
632 3181 701 3240 nihil
723 3184 794 3241 auri.
827 3201 881 3242 nec
896 3192 996 3261 potest
1013 3181 1141 3244 videriss

111 3265 249 3341 paenuria
270 3263 363 3322 mundi
385 3264 413 3323 id
435 3268 582 3325 evenisse.
619 3266 674 3323 iam
694 3264 785 3325 blidas
808 3274 838 3324 et
863 3263 992 3327 Croesus
1015 3265 1107 3325 inlini-

112 3355 169 3404 tum
198 3346 409 3425 possederant,
442 3349 497 3407 iam
519 3348 611 3425 Cyrus
641 3349 755 3408 devicta
775 3349 845 3408 Asia
872 3351 969 3428 pondo
997 3351 1107 3417 ῑᾱῇῇ

104 3430 264 3490 invenerat
276 3439 400 3509 praeter
423 3449 491 3491 vasa
515 3451 671 3510 aurumque
693 3432 798 3491 iactum
819 3435 893 3493 etin
914 3450 951 3493 eo
978 3433 1107 3493 foliatam
