<?xml version="1.0" encoding="UTF-8"?>
<!DOCTYPE html PUBLIC "-//W3C//DTD XHTML 1.0 Transitional//EN"
    "http://www.w3.org/TR/xhtml1/DTD/xhtml1-transitional.dtd">
<html xmlns="http://www.w3.org/1999/xhtml" xml:lang="en" lang="en">
 <head>
  <title>
</title>
<meta http-equiv="Content-Type" content="text/html;charset=utf-8" />
  <meta name='ocr-system' content='tesseract 3.04.00' />
  <meta name='ocr-capabilities' content='ocr_page ocr_carea ocr_par ocr_line ocrx_word'/>
</head>
<body>
  <div class='ocr_page' id='page_1' title='image "./cplinisecundina05plingoog_0221.png"; bbox 0 0 2378 3840; ppageno 0'>
   <div class='ocr_carea' id='block_1_1' title="bbox 124 178 775 239">
    <p class='ocr_par' dir='ltr' id='par_1_1' title="bbox 124 178 775 239">
     <span class='ocr_line' id='line_1_1' title="bbox 124 178 775 239; baseline -0.003 -1"><span class='ocrx_word' id='word_1_1' title='bbox 124 178 184 238; x_wconf 78' lang='lat'><strong>104</strong></span> <span class='ocrx_word' id='word_1_2' title='bbox 465 189 495 239; x_wconf 91' lang='lat' dir='ltr'><strong>c.</strong></span> <span class='ocrx_word' id='word_1_3' title='bbox 512 192 608 239; x_wconf 80' lang='lat' dir='ltr'><strong>eninr</strong></span> <span class='ocrx_word' id='word_1_4' title='bbox 625 189 775 238; x_wconf 75' lang='lat' dir='ltr'><strong>arcuum</strong></span> 
     </span>
    </p>
   </div>
   <div class='ocr_carea' id='block_1_2' title="bbox 79 341 1163 3093">
    <p class='ocr_par' dir='ltr' id='par_1_2' title="bbox 79 341 1163 3093">
     <span class='ocr_line' id='line_1_2' title="bbox 121 341 1123 423; baseline 0.002 -21"><span class='ocrx_word' id='word_1_5' title='bbox 121 361 237 423; x_wconf 91' lang='lat' dir='ltr'><strong>quoque</strong></span> <span class='ocrx_word' id='word_1_6' title='bbox 259 352 371 420; x_wconf 90' lang='lat' dir='ltr'><strong>partem</strong></span> <span class='ocrx_word' id='word_1_7' title='bbox 389 345 551 420; x_wconf 90' lang='lat' dir='ltr'><strong>attingere,</strong></span> <span class='ocrx_word' id='word_1_8' title='bbox 574 361 637 403; x_wconf 90' lang='lat' dir='ltr'><strong>cum</strong></span> <span class='ocrx_word' id='word_1_9' title='bbox 652 343 703 404; x_wconf 82' lang='lat' dir='ltr'><strong>lex</strong></span> <span class='ocrx_word' id='word_1_10' title='bbox 720 341 831 404; x_wconf 87' lang='lat' dir='ltr'><strong>llletilia</strong></span> <span class='ocrx_word' id='word_1_11' title='bbox 851 351 949 404; x_wconf 84' lang='lat' dir='ltr'><strong>exstet</strong></span> <span class='ocrx_word' id='word_1_12' title='bbox 964 343 1123 404; x_wconf 79' lang='lat' dir='ltr'>fullonibus</span> 
     </span>
     <span class='ocr_line' id='line_1_3' title="bbox 121 424 1125 506; baseline 0.001 -19"><span class='ocrx_word' id='word_1_13' title='bbox 121 429 195 488; x_wconf 88' lang='lat' dir='ltr'><strong>dieta</strong></span> <span class='ocrx_word' id='word_1_14' title='bbox 208 444 291 504; x_wconf 90' lang='lat' dir='ltr'><strong>quam</strong></span> <span class='ocrx_word' id='word_1_15' title='bbox 307 424 337 486; x_wconf 86' lang='lat' dir='ltr'><strong>C.</strong></span> <span class='ocrx_word' id='word_1_16' title='bbox 354 426 510 487; x_wconf 81' lang='lat' dir='ltr'><strong>Flaminius</strong></span> <span class='ocrx_word' id='word_1_17' title='bbox 526 426 556 487; x_wconf 92' lang='lat' dir='ltr'><strong>L.</strong></span> <span class='ocrx_word' id='word_1_18' title='bbox 573 427 715 487; x_wconf 82' lang='lat' dir='ltr'><strong>Aemilius</strong></span> <span class='ocrx_word' id='word_1_19' title='bbox 737 444 877 487; x_wconf 79' lang='lat' dir='ltr'><strong>censores</strong></span> <span class='ocrx_word' id='word_1_20' title='bbox 896 426 1006 487; x_wconf 82' lang='lat' dir='ltr'>dedere</span> <span class='ocrx_word' id='word_1_21' title='bbox 1022 427 1056 487; x_wconf 87' lang='lat' dir='ltr'><strong>ad</strong></span> <span class='ocrx_word' id='word_1_22' title='bbox 1072 446 1125 506; x_wconf 92' lang='lat' dir='ltr'><strong>po·</strong></span> 
     </span>
     <span class='ocr_line' id='line_1_4' title="bbox 82 508 1123 589; baseline 0.002 -20"><span class='ocrx_word' id='word_1_23' title='bbox 82 523 130 577; x_wconf 80' lang='lat'><strong>198</strong></span> <span class='ocrx_word' id='word_1_24' title='bbox 141 510 238 589; x_wconf 92' lang='lat' dir='ltr'><strong>pulum</strong></span> <span class='ocrx_word' id='word_1_25' title='bbox 252 508 409 570; x_wconf 88' lang='lat' dir='ltr'><strong>ierendam.</strong></span> <span class='ocrx_word' id='word_1_26' title='bbox 445 510 518 571; x_wconf 90' lang='lat' dir='ltr'><strong>adeo</strong></span> <span class='ocrx_word' id='word_1_27' title='bbox 546 512 639 571; x_wconf 90' lang='lat' dir='ltr'><strong>omnia</strong></span> <span class='ocrx_word' id='word_1_28' title='bbox 652 511 808 570; x_wconf 89' lang='lat' dir='ltr'><strong>maioribus</strong></span> <span class='ocrx_word' id='word_1_29' title='bbox 822 528 908 570; x_wconf 90' lang='lat' dir='ltr'><strong>curae</strong></span> <span class='ocrx_word' id='word_1_30' title='bbox 923 510 1015 570; x_wconf 89' lang='lat' dir='ltr'><strong>fuere.</strong></span> <span class='ocrx_word' id='word_1_31' title='bbox 1050 528 1123 588; x_wconf 88' lang='lat' dir='ltr'><strong>ergo</strong></span> 
     </span>
     <span class='ocr_line' id='line_1_5' title="bbox 122 593 1124 673; baseline -0.001 -19"><span class='ocrx_word' id='word_1_32' title='bbox 122 595 194 654; x_wconf 88' lang='lat' dir='ltr'><strong>ordo</strong></span> <span class='ocrx_word' id='word_1_33' title='bbox 213 593 260 653; x_wconf 92' lang='lat' dir='ltr'><strong>hic</strong></span> <span class='ocrx_word' id='word_1_34' title='bbox 271 602 333 654; x_wconf 90' lang='lat' dir='ltr'><strong>est:</strong></span> <span class='ocrx_word' id='word_1_35' title='bbox 352 596 472 672; x_wconf 90' lang='lat' dir='ltr'><strong>primum</strong></span> <span class='ocrx_word' id='word_1_36' title='bbox 484 594 610 654; x_wconf 77' lang='lat' dir='ltr'>abluitur</span> <span class='ocrx_word' id='word_1_37' title='bbox 624 596 715 654; x_wconf 89' lang='lat' dir='ltr'><strong>vestis</strong></span> <span class='ocrx_word' id='word_1_38' title='bbox 729 593 830 671; x_wconf 90' lang='lat' dir='ltr'><strong>Sarda,</strong></span> <span class='ocrx_word' id='word_1_39' title='bbox 846 594 913 654; x_wconf 92' lang='lat' dir='ltr'><strong>dein</strong></span> <span class='ocrx_word' id='word_1_40' title='bbox 928 594 1047 673; x_wconf 87' lang='lat' dir='ltr'><strong>sulpure</strong></span> <span class='ocrx_word' id='word_1_41' title='bbox 1064 595 1124 654; x_wconf 88' lang='lat' dir='ltr'><strong>suf-</strong></span> 
     </span>
     <span class='ocr_line' id='line_1_6' title="bbox 121 675 1144 757; baseline 0.002 -20"><span class='ocrx_word' id='word_1_42' title='bbox 121 679 204 754; x_wconf 85' lang='lat' dir='ltr'><strong>fitur,</strong></span> <span class='ocrx_word' id='word_1_43' title='bbox 221 694 290 737; x_wconf 85' lang='lat' dir='ltr'><strong>mox</strong></span> <span class='ocrx_word' id='word_1_44' title='bbox 306 677 510 756; x_wconf 80' lang='lat' dir='ltr'><strong>desquamatur</strong></span> <span class='ocrx_word' id='word_1_45' title='bbox 525 675 647 738; x_wconf 89' lang='lat' dir='ltr'><strong>Cimolia</strong></span> <span class='ocrx_word' id='word_1_46' title='bbox 662 696 735 757; x_wconf 90' lang='lat' dir='ltr'><strong>quae</strong></span> <span class='ocrx_word' id='word_1_47' title='bbox 754 685 800 738; x_wconf 90' lang='lat' dir='ltr'><strong>est</strong></span> <span class='ocrx_word' id='word_1_48' title='bbox 814 677 924 737; x_wconf 91' lang='lat' dir='ltr'><strong>coloris</strong></span> <span class='ocrx_word' id='word_1_49' title='bbox 942 679 1014 738; x_wconf 90' lang='lat' dir='ltr'><strong>veri.</strong></span> <span class='ocrx_word' id='word_1_50' title='bbox 1045 678 1144 739; x_wconf 82' lang='lat' dir='ltr'><strong>luca-5</strong></span> 
     </span>
     <span class='ocr_line' id='line_1_7' title="bbox 125 760 1125 840; baseline 0 -20"><span class='ocrx_word' id='word_1_51' title='bbox 125 770 170 821; x_wconf 88' lang='lat' dir='ltr'><strong>tus</strong></span> <span class='ocrx_word' id='word_1_52' title='bbox 189 763 264 821; x_wconf 93' lang='lat' dir='ltr'><strong>enim</strong></span> <span class='ocrx_word' id='word_1_53' title='bbox 281 760 509 839; x_wconf 82' lang='lat' dir='ltr'><strong>deprehenditur</strong></span> <span class='ocrx_word' id='word_1_54' title='bbox 524 763 723 839; x_wconf 78' lang='lat' dir='ltr'><strong>nigrescitque</strong></span> <span class='ocrx_word' id='word_1_55' title='bbox 739 770 769 821; x_wconf 88' lang='lat' dir='ltr'><strong>et</strong></span> <span class='ocrx_word' id='word_1_56' title='bbox 788 761 916 821; x_wconf 82' lang='lat' dir='ltr'><strong>funditur</strong></span> <span class='ocrx_word' id='word_1_57' title='bbox 932 761 1062 840; x_wconf 83' lang='lat' dir='ltr'><strong>sulpure,</strong></span> <span class='ocrx_word' id='word_1_58' title='bbox 1074 781 1125 821; x_wconf 87' lang='lat' dir='ltr'><strong>ve-</strong></span> 
     </span>
     <span class='ocr_line' id='line_1_8' title="bbox 122 842 1125 924; baseline -0.002 -19"><span class='ocrx_word' id='word_1_59' title='bbox 122 862 172 905; x_wconf 90' lang='lat' dir='ltr'><strong>ros</strong></span> <span class='ocrx_word' id='word_1_60' title='bbox 192 853 288 904; x_wconf 93' lang='lat' dir='ltr'><strong>antem</strong></span> <span class='ocrx_word' id='word_1_61' title='bbox 308 853 339 904; x_wconf 93' lang='lat' dir='ltr'><strong>et</strong></span> <span class='ocrx_word' id='word_1_62' title='bbox 355 846 505 924; x_wconf 87' lang='lat' dir='ltr'><strong>pretiosos</strong></span> <span class='ocrx_word' id='word_1_63' title='bbox 529 845 647 906; x_wconf 90' lang='lat' dir='ltr'><strong>colores</strong></span> <span class='ocrx_word' id='word_1_64' title='bbox 672 844 784 905; x_wconf 90' lang='lat' dir='ltr'><strong>emollit</strong></span> <span class='ocrx_word' id='word_1_65' title='bbox 800 842 921 905; x_wconf 90' lang='lat' dir='ltr'><strong>Cimolia</strong></span> <span class='ocrx_word' id='word_1_66' title='bbox 945 853 975 904; x_wconf 92' lang='lat' dir='ltr'><strong>et</strong></span> <span class='ocrx_word' id='word_1_67' title='bbox 1001 845 1125 923; x_wconf 92' lang='lat' dir='ltr'><strong>quodam</strong></span> 
     </span>
     <span class='ocr_line' id='line_1_9' title="bbox 121 928 1125 1007; baseline -0.002 -18"><span class='ocrx_word' id='word_1_68' title='bbox 121 930 218 989; x_wconf 83' lang='lat' dir='ltr'><strong>nitore</strong></span> <span class='ocrx_word' id='word_1_69' title='bbox 230 928 373 988; x_wconf 85' lang='lat' dir='ltr'><strong>exhilarat</strong></span> <span class='ocrx_word' id='word_1_70' title='bbox 389 933 577 989; x_wconf 89' lang='lat' dir='ltr'><strong>contristatos</strong></span> <span class='ocrx_word' id='word_1_71' title='bbox 590 929 718 1007; x_wconf 90' lang='lat' dir='ltr'><strong>sulpure.</strong></span> <span class='ocrx_word' id='word_1_72' title='bbox 737 928 865 988; x_wconf 90' lang='lat' dir='ltr'><strong>candidis</strong></span> <span class='ocrx_word' id='word_1_73' title='bbox 879 929 1011 988; x_wconf 89' lang='lat' dir='ltr'><strong>vestibus</strong></span> <span class='ocrx_word' id='word_1_74' title='bbox 1024 946 1125 987; x_wconf 86' lang='lat' dir='ltr'><strong>saxum</strong></span> 
     </span>
     <span class='ocr_line' id='line_1_10' title="bbox 121 1009 1125 1091; baseline -0.001 -20"><span class='ocrx_word' id='word_1_75' title='bbox 121 1013 219 1072; x_wconf 90' lang='lat' dir='ltr'><strong>utilius</strong></span> <span class='ocrx_word' id='word_1_76' title='bbox 242 1011 409 1091; x_wconf 90' lang='lat' dir='ltr'><strong>asulpure,</strong></span> <span class='ocrx_word' id='word_1_77' title='bbox 432 1013 574 1072; x_wconf 91' lang='lat' dir='ltr'><strong>inimicum</strong></span> <span class='ocrx_word' id='word_1_78' title='bbox 594 1012 754 1083; x_wconf 83' lang='lat' dir='ltr'><strong>coloribus.</strong></span> <span class='ocrx_word' id='word_1_79' title='bbox 785 1011 906 1072; x_wconf 84' lang='lat' dir='ltr'><strong>Graecia</strong></span> <span class='ocrx_word' id='word_1_80' title='bbox 931 1029 984 1090; x_wconf 91' lang='lat' dir='ltr'><strong>pro</strong></span> <span class='ocrx_word' id='word_1_81' title='bbox 1002 1009 1125 1071; x_wconf 83' lang='lat' dir='ltr'><strong>Cimolia</strong></span> 
     </span>
     <span class='ocr_line' id='line_1_11' title="bbox 122 1095 1160 1174; baseline 0.001 -19"><span class='ocrx_word' id='word_1_82' title='bbox 122 1095 299 1174; x_wconf 76' lang='lat' dir='ltr'><strong>Tymphaico</strong></span> <span class='ocrx_word' id='word_1_83' title='bbox 315 1097 405 1156; x_wconf 88' lang='lat' dir='ltr'><strong>utitur</strong></span> <span class='ocrx_word' id='word_1_84' title='bbox 419 1114 524 1174; x_wconf 75' lang='lat' dir='ltr'><strong>gypso.</strong></span> <span class='ocrx_word' id='word_1_85' title='bbox 1134 1116 1160 1156; x_wconf 87' lang='lat' dir='ltr'><strong>m</strong></span> 
     </span>
     <span class='ocr_line' id='line_1_12' title="bbox 80 1179 1124 1259; baseline -0.003 -19"><span class='ocrx_word' id='word_1_86' title='bbox 80 1191 130 1246; x_wconf 82' lang='lat'><strong>199</strong></span> <span class='ocrx_word' id='word_1_87' title='bbox 205 1179 289 1257; x_wconf 84' lang='lat'>(58.)</span> <span class='ocrx_word' id='word_1_88' title='bbox 313 1179 377 1238; x_wconf 90' lang='lat' dir='ltr'><strong>Alia</strong></span> <span class='ocrx_word' id='word_1_89' title='bbox 394 1188 474 1239; x_wconf 91' lang='lat' dir='ltr'><strong>creta</strong></span> <span class='ocrx_word' id='word_1_90' title='bbox 496 1180 660 1256; x_wconf 89' lang='lat' dir='ltr'><strong>argentaria</strong></span> <span class='ocrx_word' id='word_1_91' title='bbox 677 1179 840 1259; x_wconf 91' lang='lat' dir='ltr'><strong>appellatur</strong></span> <span class='ocrx_word' id='word_1_92' title='bbox 858 1181 982 1239; x_wconf 89' lang='lat' dir='ltr'><strong>nitorem</strong></span> <span class='ocrx_word' id='word_1_93' title='bbox 1000 1187 1124 1255; x_wconf 91' lang='lat' dir='ltr'><strong>argento</strong></span> 
     </span>
     <span class='ocr_line' id='line_1_13' title="bbox 121 1261 1124 1341; baseline -0.003 -18"><span class='ocrx_word' id='word_1_94' title='bbox 121 1262 257 1323; x_wconf 91' lang='lat' dir='ltr'><strong>reddens.</strong></span> <span class='ocrx_word' id='word_1_95' title='bbox 278 1270 324 1322; x_wconf 83' lang='lat' dir='ltr'><strong>est</strong></span> <span class='ocrx_word' id='word_1_96' title='bbox 338 1271 368 1321; x_wconf 92' lang='lat' dir='ltr'><strong>et</strong></span> <span class='ocrx_word' id='word_1_97' title='bbox 385 1261 524 1321; x_wconf 90' lang='lat' dir='ltr'><strong>vilissima</strong></span> <span class='ocrx_word' id='word_1_98' title='bbox 540 1279 596 1341; x_wconf 91' lang='lat' dir='ltr'><strong>qna</strong></span> <span class='ocrx_word' id='word_1_99' title='bbox 613 1263 720 1321; x_wconf 86' lang='lat' dir='ltr'><strong>circum</strong></span> <span class='ocrx_word' id='word_1_100' title='bbox 735 1261 915 1341; x_wconf 88' lang='lat' dir='ltr'><strong>praeducere</strong></span> <span class='ocrx_word' id='word_1_101' title='bbox 931 1263 966 1322; x_wconf 90' lang='lat' dir='ltr'><strong>ad</strong></span> <span class='ocrx_word' id='word_1_102' title='bbox 981 1262 1124 1321; x_wconf 90' lang='lat' dir='ltr'><strong>victoriae</strong></span> 
     </span>
     <span class='ocr_line' id='line_1_14' title="bbox 122 1345 1125 1423; baseline -0.001 -18"><span class='ocrx_word' id='word_1_103' title='bbox 122 1353 218 1405; x_wconf 91' lang='lat' dir='ltr'><strong>notam</strong></span> <span class='ocrx_word' id='word_1_104' title='bbox 233 1345 385 1423; x_wconf 86' lang='lat' dir='ltr'><strong>pedesque</strong></span> <span class='ocrx_word' id='word_1_105' title='bbox 407 1345 550 1405; x_wconf 87' lang='lat' dir='ltr'><strong>venalium</strong></span> <span class='ocrx_word' id='word_1_106' title='bbox 568 1347 750 1406; x_wconf 89' lang='lat' dir='ltr'><strong>transmaria</strong></span> <span class='ocrx_word' id='word_1_107' title='bbox 773 1345 959 1417; x_wconf 89' lang='lat' dir='ltr'><strong>advectorum</strong></span> <span class='ocrx_word' id='word_1_108' title='bbox 983 1345 1125 1405; x_wconf 87' lang='lat' dir='ltr'><strong>denotare</strong></span> 
     </span>
     <span class='ocr_line' id='line_1_15' title="bbox 122 1429 1125 1507; baseline 0 -19"><span class='ocrx_word' id='word_1_109' title='bbox 122 1430 308 1489; x_wconf 92' lang='lat' dir='ltr'><strong>instituerunt</strong></span> <span class='ocrx_word' id='word_1_110' title='bbox 334 1430 477 1506; x_wconf 86' lang='lat' dir='ltr'><strong>maiores,</strong></span> <span class='ocrx_word' id='word_1_111' title='bbox 502 1429 647 1507; x_wconf 83' lang='lat' dir='ltr'><strong>talemque</strong></span> <span class='ocrx_word' id='word_1_112' title='bbox 668 1429 822 1490; x_wconf 93' lang='lat' dir='ltr'><strong>Publilium</strong></span> <span class='ocrx_word' id='word_1_113' title='bbox 836 1429 973 1490; x_wconf 85' lang='lat' dir='ltr'><strong>buchium</strong></span> <span class='ocrx_word' id='word_1_114' title='bbox 993 1430 1125 1488; x_wconf 86' lang='lat' dir='ltr'><strong>mimicae</strong></span> 
     </span>
     <span class='ocr_line' id='line_1_16' title="bbox 122 1507 1161 1590; baseline -0.004 -18"><span class='ocrx_word' id='word_1_115' title='bbox 122 1531 246 1573; x_wconf 89' lang='lat' dir='ltr'><strong>scaenae</strong></span> <span class='ocrx_word' id='word_1_116' title='bbox 258 1512 440 1573; x_wconf 89' lang='lat' dir='ltr'><strong>conditorem</strong></span> <span class='ocrx_word' id='word_1_117' title='bbox 453 1522 483 1574; x_wconf 89' lang='lat' dir='ltr'><strong>et</strong></span> <span class='ocrx_word' id='word_1_118' title='bbox 498 1513 678 1590; x_wconf 86' lang='lat' dir='ltr'><strong>astrologiae</strong></span> <span class='ocrx_word' id='word_1_119' title='bbox 691 1513 897 1574; x_wconf 89' lang='lat' dir='ltr'><strong>consobrinum</strong></span> <span class='ocrx_word' id='word_1_120' title='bbox 907 1507 1124 1574; x_wconf 85' lang='lat' dir='ltr'><strong>eiusblanilium</strong></span> <span class='ocrx_word' id='word_1_121' title='bbox 1135 1529 1161 1568; x_wconf 81' lang='lat' dir='ltr'><strong>ro</strong></span> 
     </span>
     <span class='ocr_line' id='line_1_17' title="bbox 121 1595 1125 1675; baseline 0.003 -22"><span class='ocrx_word' id='word_1_122' title='bbox 121 1595 313 1674; x_wconf 78' lang='lat' dir='ltr'><strong>Antiochum,</strong></span> <span class='ocrx_word' id='word_1_123' title='bbox 329 1597 399 1657; x_wconf 89' lang='lat' dir='ltr'><strong>item</strong></span> <span class='ocrx_word' id='word_1_124' title='bbox 414 1599 616 1675; x_wconf 80' lang='lat' dir='ltr'><strong>grammaticae</strong></span> <span class='ocrx_word' id='word_1_125' title='bbox 628 1596 792 1658; x_wconf 89' lang='lat' dir='ltr'><strong>Staberium</strong></span> <span class='ocrx_word' id='word_1_126' title='bbox 799 1596 920 1657; x_wconf 85' lang='lat' dir='ltr'><strong>Erotem</strong></span> <span class='ocrx_word' id='word_1_127' title='bbox 935 1597 1035 1657; x_wconf 92' lang='lat' dir='ltr'><strong>eadem</strong></span> <span class='ocrx_word' id='word_1_128' title='bbox 1050 1614 1125 1656; x_wconf 88' lang='lat' dir='ltr'><strong>naue</strong></span> 
     </span>
     <span class='ocr_line' id='line_1_18' title="bbox 79 1680 1124 1760; baseline -0.007 -15"><span class='ocrx_word' id='word_1_129' title='bbox 79 1691 132 1746; x_wconf 92' lang='grc'><strong>200</strong></span> <span class='ocrx_word' id='word_1_130' title='bbox 144 1680 283 1740; x_wconf 87' lang='lat' dir='ltr'><strong>advectus</strong></span> <span class='ocrx_word' id='word_1_131' title='bbox 303 1680 404 1741; x_wconf 89' lang='lat' dir='ltr'><strong>videre</strong></span> <span class='ocrx_word' id='word_1_132' title='bbox 422 1683 533 1760; x_wconf 88' lang='lat' dir='ltr'><strong>proavi.</strong></span> <span class='ocrx_word' id='word_1_133' title='bbox 580 1681 628 1743; x_wconf 86' lang='lat'><strong>18.</strong></span> <span class='ocrx_word' id='word_1_134' title='bbox 646 1681 705 1742; x_wconf 94' lang='lat' dir='ltr'><strong>Sed</strong></span> <span class='ocrx_word' id='word_1_135' title='bbox 726 1681 794 1759; x_wconf 91' lang='lat' dir='ltr'><strong>quid</strong></span> <span class='ocrx_word' id='word_1_136' title='bbox 815 1681 869 1741; x_wconf 91' lang='lat' dir='ltr'><strong>hos</strong></span> <span class='ocrx_word' id='word_1_137' title='bbox 892 1681 1003 1742; x_wconf 83' lang='lat' dir='ltr'><strong>referat</strong></span> <span class='ocrx_word' id='word_1_138' title='bbox 1020 1680 1124 1757; x_wconf 91' lang='lat' dir='ltr'><strong>aliquis</strong></span> 
     </span>
     <span class='ocr_line' id='line_1_19' title="bbox 122 1761 1125 1826; baseline 0 -4"><span class='ocrx_word' id='word_1_139' title='bbox 122 1764 283 1823; x_wconf 88' lang='lat' dir='ltr'><strong>litterarum</strong></span> <span class='ocrx_word' id='word_1_140' title='bbox 310 1763 423 1826; x_wconf 88' lang='lat' dir='ltr'><strong>honore</strong></span> <span class='ocrx_word' id='word_1_141' title='bbox 454 1761 690 1825; x_wconf 82' lang='lat' dir='ltr'><strong>commendatos?</strong></span> <span class='ocrx_word' id='word_1_142' title='bbox 729 1765 815 1825; x_wconf 87' lang='lat' dir='ltr'><strong>talem</strong></span> <span class='ocrx_word' id='word_1_143' title='bbox 841 1766 870 1824; x_wconf 94' lang='lat' dir='ltr'><strong>in</strong></span> <span class='ocrx_word' id='word_1_144' title='bbox 892 1772 1000 1824; x_wconf 88' lang='lat' dir='ltr'><strong>catasta</strong></span> <span class='ocrx_word' id='word_1_145' title='bbox 1024 1763 1125 1822; x_wconf 87' lang='lat' dir='ltr'><strong>videre</strong></span> 
     </span>
     <span class='ocr_line' id='line_1_20' title="bbox 124 1844 1126 1926; baseline -0.002 -19"><span class='ocrx_word' id='word_1_146' title='bbox 124 1844 330 1924; x_wconf 81' lang='lat' dir='ltr'><strong>Chysogonum</strong></span> <span class='ocrx_word' id='word_1_147' title='bbox 349 1849 465 1926; x_wconf 85' lang='lat' dir='ltr'><strong>Sullae,</strong></span> <span class='ocrx_word' id='word_1_148' title='bbox 480 1847 671 1926; x_wconf 78' lang='lat' dir='ltr'><strong>Amphionem</strong></span> <span class='ocrx_word' id='word_1_149' title='bbox 688 1845 722 1919; x_wconf 82' lang='lat' dir='ltr'><strong>Q.</strong></span> <span class='ocrx_word' id='word_1_150' title='bbox 740 1846 850 1924; x_wconf 90' lang='lat' dir='ltr'><strong>Catuli,</strong></span> <span class='ocrx_word' id='word_1_151' title='bbox 866 1857 1012 1908; x_wconf 86' lang='lat' dir='ltr'><strong>rectorem</strong></span> <span class='ocrx_word' id='word_1_152' title='bbox 1026 1845 1058 1906; x_wconf 92' lang='lat' dir='ltr'><strong>L.</strong></span> <span class='ocrx_word' id='word_1_153' title='bbox 1070 1845 1126 1906; x_wconf 85' lang='lat' dir='ltr'><strong>bu·</strong></span> 
     </span>
     <span class='ocr_line' id='line_1_21' title="bbox 122 1930 1163 2009; baseline -0.002 -19"><span class='ocrx_word' id='word_1_154' title='bbox 122 1930 200 2007; x_wconf 89' lang='lat' dir='ltr'><strong>culli,</strong></span> <span class='ocrx_word' id='word_1_155' title='bbox 216 1930 394 1991; x_wconf 90' lang='lat' dir='ltr'><strong>Demetrium</strong></span> <span class='ocrx_word' id='word_1_156' title='bbox 407 1932 544 2009; x_wconf 89' lang='lat' dir='ltr'><strong>Pompei,</strong></span> <span class='ocrx_word' id='word_1_157' title='bbox 561 1930 724 2008; x_wconf 89' lang='lat' dir='ltr'><strong>Augenque</strong></span> <span class='ocrx_word' id='word_1_158' title='bbox 738 1930 896 2008; x_wconf 90' lang='lat' dir='ltr'><strong>Demetrii,</strong></span> <span class='ocrx_word' id='word_1_159' title='bbox 914 1948 1081 2009; x_wconf 91' lang='lat' dir='ltr'><strong>quamquam</strong></span> <span class='ocrx_word' id='word_1_160' title='bbox 1094 1938 1124 1989; x_wconf 89' lang='lat' dir='ltr'><strong>et</strong></span> <span class='ocrx_word' id='word_1_161' title='bbox 1134 1946 1163 1988; x_wconf 81' lang='lat' dir='ltr'><strong>ao</strong></span> 
     </span>
     <span class='ocr_line' id='line_1_22' title="bbox 122 2011 1126 2092; baseline 0.001 -20"><span class='ocrx_word' id='word_1_162' title='bbox 122 2015 186 2092; x_wconf 91' lang='lat' dir='ltr'><strong>ipsa</strong></span> <span class='ocrx_word' id='word_1_163' title='bbox 201 2013 321 2092; x_wconf 88' lang='lat' dir='ltr'><strong>Pompei</strong></span> <span class='ocrx_word' id='word_1_164' title='bbox 342 2014 451 2073; x_wconf 92' lang='lat' dir='ltr'><strong>credita</strong></span> <span class='ocrx_word' id='word_1_165' title='bbox 467 2023 528 2091; x_wconf 90' lang='lat' dir='ltr'><strong>est,</strong></span> <span class='ocrx_word' id='word_1_166' title='bbox 554 2011 748 2091; x_wconf 89' lang='lat' dir='ltr'><strong>Hipparchum</strong></span> <span class='ocrx_word' id='word_1_167' title='bbox 768 2012 806 2072; x_wconf 74' lang='lat' dir='ltr'><strong>ll,</strong></span> <span class='ocrx_word' id='word_1_168' title='bbox 823 2013 951 2090; x_wconf 92' lang='lat' dir='ltr'><strong>Antoni,</strong></span> <span class='ocrx_word' id='word_1_169' title='bbox 969 2013 1082 2073; x_wconf 85' lang='lat' dir='ltr'><strong>Menam</strong></span> <span class='ocrx_word' id='word_1_170' title='bbox 1094 2021 1126 2073; x_wconf 87' lang='lat' dir='ltr'><strong>et</strong></span> 
     </span>
     <span class='ocr_line' id='line_1_23' title="bbox 122 2095 1125 2175; baseline -0.001 -19"><span class='ocrx_word' id='word_1_171' title='bbox 122 2096 310 2156; x_wconf 85' lang='lat' dir='ltr'><strong>Menecraten</strong></span> <span class='ocrx_word' id='word_1_172' title='bbox 328 2096 396 2156; x_wconf 86' lang='lat' dir='ltr'><strong>Sex.</strong></span> <span class='ocrx_word' id='word_1_173' title='bbox 413 2096 534 2174; x_wconf 87' lang='lat' dir='ltr'><strong>Pompei</strong></span> <span class='ocrx_word' id='word_1_174' title='bbox 550 2095 682 2173; x_wconf 89' lang='lat' dir='ltr'><strong>aliosque</strong></span> <span class='ocrx_word' id='word_1_175' title='bbox 699 2096 838 2174; x_wconf 86' lang='lat' dir='ltr'><strong>deinceps</strong></span> <span class='ocrx_word' id='word_1_176' title='bbox 856 2114 929 2175; x_wconf 91' lang='lat' dir='ltr'><strong>quos</strong></span> <span class='ocrx_word' id='word_1_177' title='bbox 953 2115 1125 2157; x_wconf 91' lang='lat' dir='ltr'><strong>enumerare</strong></span> 
     </span>
     <span class='ocr_line' id='line_1_24' title="bbox 122 2177 1125 2260; baseline 0 -22"><span class='ocrx_word' id='word_1_178' title='bbox 122 2181 177 2238; x_wconf 90' lang='lat' dir='ltr'><strong>iam</strong></span> <span class='ocrx_word' id='word_1_179' title='bbox 194 2197 252 2238; x_wconf 93' lang='lat' dir='ltr'><strong>non</strong></span> <span class='ocrx_word' id='word_1_180' title='bbox 272 2188 319 2239; x_wconf 90' lang='lat' dir='ltr'><strong>est</strong></span> <span class='ocrx_word' id='word_1_181' title='bbox 339 2181 480 2258; x_wconf 87' lang='lat' dir='ltr'><strong>sanguine</strong></span> <span class='ocrx_word' id='word_1_182' title='bbox 502 2177 654 2251; x_wconf 83' lang='lat' dir='ltr'><strong>Quiritium</strong></span> <span class='ocrx_word' id='word_1_183' title='bbox 682 2189 712 2241; x_wconf 90' lang='lat' dir='ltr'><strong>et</strong></span> <span class='ocrx_word' id='word_1_184' title='bbox 734 2181 980 2260; x_wconf 88' lang='lat' dir='ltr'><strong>proscriptionum</strong></span> <span class='ocrx_word' id='word_1_185' title='bbox 1006 2181 1125 2240; x_wconf 91' lang='lat' dir='ltr'><strong>licentia</strong></span> 
     </span>
     <span class='ocr_line' id='line_1_25' title="bbox 79 2261 1125 2344; baseline -0.003 -18"><span class='ocrx_word' id='word_1_186' title='bbox 79 2273 129 2329; x_wconf 87' lang='grc'><strong>201</strong></span> <span class='ocrx_word' id='word_1_187' title='bbox 145 2262 260 2322; x_wconf 88' lang='lat' dir='ltr'><strong>ditatus.</strong></span> <span class='ocrx_word' id='word_1_188' title='bbox 290 2261 347 2323; x_wconf 91' lang='lat' dir='ltr'><strong>hcc</strong></span> <span class='ocrx_word' id='word_1_189' title='bbox 363 2273 408 2324; x_wconf 92' lang='lat' dir='ltr'><strong>est</strong></span> <span class='ocrx_word' id='word_1_190' title='bbox 423 2265 538 2342; x_wconf 89' lang='lat' dir='ltr'><strong>insigne</strong></span> <span class='ocrx_word' id='word_1_191' title='bbox 549 2264 700 2325; x_wconf 88' lang='lat' dir='ltr'><strong>venaliciis</strong></span> <span class='ocrx_word' id='word_1_192' title='bbox 716 2265 857 2344; x_wconf 86' lang='lat' dir='ltr'><strong>gregibus</strong></span> <span class='ocrx_word' id='word_1_193' title='bbox 876 2264 1125 2344; x_wconf 90' lang='lat' dir='ltr'><strong>opprobriumque</strong></span> 
     </span>
     <span class='ocr_line' id='line_1_26' title="bbox 122 2346 1163 2427; baseline -0.002 -22"><span class='ocrx_word' id='word_1_194' title='bbox 122 2346 278 2407; x_wconf 85' lang='lat' dir='ltr'><strong>insolentis</strong></span> <span class='ocrx_word' id='word_1_195' title='bbox 304 2348 456 2426; x_wconf 90' lang='lat' dir='ltr'><strong>lortunae,</strong></span> <span class='ocrx_word' id='word_1_196' title='bbox 479 2347 556 2427; x_wconf 92' lang='lat' dir='ltr'><strong>quod</strong></span> <span class='ocrx_word' id='word_1_197' title='bbox 577 2357 607 2408; x_wconf 85' lang='lat' dir='ltr'><strong>et</strong></span> <span class='ocrx_word' id='word_1_198' title='bbox 621 2366 675 2410; x_wconf 91' lang='lat' dir='ltr'><strong>nos</strong></span> <span class='ocrx_word' id='word_1_199' title='bbox 692 2350 767 2410; x_wconf 89' lang='lat' dir='ltr'><strong>adeo</strong></span> <span class='ocrx_word' id='word_1_200' title='bbox 783 2349 872 2427; x_wconf 94' lang='lat' dir='ltr'><strong>potiri</strong></span> <span class='ocrx_word' id='word_1_201' title='bbox 889 2367 985 2408; x_wconf 90' lang='lat' dir='ltr'><strong>rerum</strong></span> <span class='ocrx_word' id='word_1_202' title='bbox 1002 2347 1163 2406; x_wconf 75' lang='lat' dir='ltr'><strong>vidimusas</strong></span> 
     </span>
     <span class='ocr_line' id='line_1_27' title="bbox 122 2428 1135 2511; baseline 0 -22"><span class='ocrx_word' id='word_1_203' title='bbox 122 2440 153 2490; x_wconf 92' lang='lat' dir='ltr'><strong>ut</strong></span> <span class='ocrx_word' id='word_1_204' title='bbox 175 2433 323 2510; x_wconf 90' lang='lat' dir='ltr'><strong>praetoria</strong></span> <span class='ocrx_word' id='word_1_205' title='bbox 347 2450 464 2511; x_wconf 92' lang='lat' dir='ltr'><strong>qnoque</strong></span> <span class='ocrx_word' id='word_1_206' title='bbox 489 2441 656 2493; x_wconf 91' lang='lat' dir='ltr'><strong>ornamenta</strong></span> <span class='ocrx_word' id='word_1_207' title='bbox 685 2433 803 2494; x_wconf 90' lang='lat' dir='ltr'><strong>decerni</strong></span> <span class='ocrx_word' id='word_1_208' title='bbox 832 2448 849 2490; x_wconf 98' lang='lat' dir='ltr'><strong>a</strong></span> <span class='ocrx_word' id='word_1_209' title='bbox 876 2438 980 2490; x_wconf 90' lang='lat' dir='ltr'><strong>senatu</strong></span> <span class='ocrx_word' id='word_1_210' title='bbox 1003 2428 1135 2489; x_wconf 91' lang='lat' dir='ltr'><strong>iubente·</strong></span> 
     </span>
     <span class='ocr_line' id='line_1_28' title="bbox 123 2514 1123 2594; baseline -0.004 -21"><span class='ocrx_word' id='word_1_211' title='bbox 123 2514 286 2594; x_wconf 86' lang='lat' dir='ltr'><strong>Agrippina</strong></span> <span class='ocrx_word' id='word_1_212' title='bbox 312 2518 412 2580; x_wconf 80' lang='lat' dir='ltr'><strong>Claudi</strong></span> <span class='ocrx_word' id='word_1_213' title='bbox 430 2516 565 2580; x_wconf 80' lang='lat' dir='ltr'><strong>Caesaris</strong></span> <span class='ocrx_word' id='word_1_214' title='bbox 585 2519 747 2579; x_wconf 89' lang='lat' dir='ltr'><strong>videremus</strong></span> <span class='ocrx_word' id='word_1_215' title='bbox 754 2557 764 2592; x_wconf 90' lang='lat'><strong>,</strong></span> <span class='ocrx_word' id='word_1_216' title='bbox 788 2522 954 2592; x_wconf 90' lang='lat' dir='ltr'><strong>tantumque</strong></span> <span class='ocrx_word' id='word_1_217' title='bbox 980 2530 1038 2572; x_wconf 88' lang='lat' dir='ltr'><strong>non</strong></span> <span class='ocrx_word' id='word_1_218' title='bbox 1058 2529 1123 2570; x_wconf 89' lang='lat' dir='ltr'><strong>curn</strong></span> 
     </span>
     <span class='ocr_line' id='line_1_29' title="bbox 127 2593 1123 2675; baseline -0.009 -12"><span class='ocrx_word' id='word_1_219' title='bbox 127 2602 264 2665; x_wconf 86' lang='lat' dir='ltr'><strong>laureatis</strong></span> <span class='ocrx_word' id='word_1_220' title='bbox 296 2604 424 2665; x_wconf 79' lang='lat' dir='ltr'><strong>fascibus</strong></span> <span class='ocrx_word' id='word_1_221' title='bbox 456 2604 563 2664; x_wconf 88' lang='lat' dir='ltr'><strong>remitti</strong></span> <span class='ocrx_word' id='word_1_222' title='bbox 591 2602 643 2662; x_wconf 94' lang='lat' dir='ltr'><strong>illo</strong></span> <span class='ocrx_word' id='word_1_223' title='bbox 672 2598 746 2658; x_wconf 90' lang='lat' dir='ltr'><strong>uude</strong></span> <span class='ocrx_word' id='word_1_224' title='bbox 775 2598 893 2656; x_wconf 89' lang='lat' dir='ltr'><strong>cretatis</strong></span> <span class='ocrx_word' id='word_1_225' title='bbox 924 2595 1049 2675; x_wconf 90' lang='lat' dir='ltr'><strong>pedibus</strong></span> <span class='ocrx_word' id='word_1_226' title='bbox 1075 2593 1123 2654; x_wconf 91' lang='lat' dir='ltr'><strong>ad·</strong></span> 
     </span>
     <span class='ocr_line' id='line_1_30' title="bbox 121 2686 281 2743; baseline 0.006 -2"><span class='ocrx_word' id='word_1_227' title='bbox 121 2686 281 2743; x_wconf 88' lang='lat' dir='ltr'><strong>venissent.</strong></span> 
     </span>
     <span class='ocr_line' id='line_1_31' title="bbox 79 2763 1162 2843; baseline -0.012 -14"><span class='ocrx_word' id='word_1_228' title='bbox 79 2775 131 2829; x_wconf 87' lang='grc'><strong>202</strong></span> <span class='ocrx_word' id='word_1_229' title='bbox 188 2765 235 2826; x_wconf 85' lang='grc'><strong>19.</strong></span> <span class='ocrx_word' id='word_1_230' title='bbox 253 2767 336 2843; x_wconf 83' lang='grc'>(59.)</span> <span class='ocrx_word' id='word_1_231' title='bbox 354 2765 513 2826; x_wconf 90' lang='lat' dir='ltr'><strong>Praeterea</strong></span> <span class='ocrx_word' id='word_1_232' title='bbox 528 2772 594 2824; x_wconf 90' lang='lat' dir='ltr'><strong>sunt</strong></span> <span class='ocrx_word' id='word_1_233' title='bbox 608 2779 718 2839; x_wconf 90' lang='lat' dir='ltr'><strong>genera</strong></span> <span class='ocrx_word' id='word_1_234' title='bbox 734 2770 832 2822; x_wconf 88' lang='lat' dir='ltr'><strong>terrae</strong></span> <span class='ocrx_word' id='word_1_235' title='bbox 849 2763 1039 2840; x_wconf 89' lang='lat' dir='ltr'><strong>proprietatis</strong></span> <span class='ocrx_word' id='word_1_236' title='bbox 1053 2778 1124 2820; x_wconf 89' lang='lat' dir='ltr'><strong>suae</strong></span> <span class='ocrx_word' id='word_1_237' title='bbox 1135 2775 1162 2816; x_wconf 85' lang='lat' dir='ltr'><strong>ao</strong></span> 
     </span>
     <span class='ocr_line' id='line_1_32' title="bbox 79 2845 1123 2932; baseline -0.006 -24"><span class='ocrx_word' id='word_1_238' title='bbox 79 2849 98 2932; x_wconf 66' lang='lat' dir='ltr'><strong>h:</strong></span> <span class='ocrx_word' id='word_1_239' title='bbox 109 2847 134 2924; x_wconf 66' lang='lat'><strong>13</strong></span> <span class='ocrx_word' id='word_1_240' title='bbox 147 2847 184 2908; x_wconf 92' lang='lat' dir='ltr'><strong>de</strong></span> <span class='ocrx_word' id='word_1_241' title='bbox 204 2847 308 2925; x_wconf 89' lang='lat' dir='ltr'><strong>quibus</strong></span> <span class='ocrx_word' id='word_1_242' title='bbox 330 2849 386 2907; x_wconf 87' lang='lat' dir='ltr'><strong>iam</strong></span> <span class='ocrx_word' id='word_1_243' title='bbox 402 2849 543 2924; x_wconf 83' lang='lat' dir='ltr'><strong>diximus,</strong></span> <span class='ocrx_word' id='word_1_244' title='bbox 566 2847 619 2906; x_wconf 91' lang='lat' dir='ltr'><strong>sed</strong></span> <span class='ocrx_word' id='word_1_245' title='bbox 637 2854 667 2905; x_wconf 92' lang='lat' dir='ltr'><strong>et</strong></span> <span class='ocrx_word' id='word_1_246' title='bbox 686 2845 826 2906; x_wconf 90' lang='lat' dir='ltr'><strong>hocloco</strong></span> <span class='ocrx_word' id='word_1_247' title='bbox 842 2845 989 2906; x_wconf 88' lang='lat' dir='ltr'><strong>reddenda</strong></span> <span class='ocrx_word' id='word_1_248' title='bbox 1007 2853 1123 2905; x_wconf 91' lang='lat' dir='ltr'><strong>natura:</strong></span> 
     </span>
     <span class='ocr_line' id='line_1_33' title="bbox 125 2927 1125 3008; baseline -0.006 -17"><span class='ocrx_word' id='word_1_249' title='bbox 125 2949 163 2992; x_wconf 84' lang='lat' dir='ltr'><strong>ex</strong></span> <span class='ocrx_word' id='word_1_250' title='bbox 178 2930 278 2991; x_wconf 86' lang='lat' dir='ltr'><strong>Galata</strong></span> <span class='ocrx_word' id='word_1_251' title='bbox 293 2931 387 2991; x_wconf 91' lang='lat' dir='ltr'><strong>insula</strong></span> <span class='ocrx_word' id='word_1_252' title='bbox 405 2941 436 2992; x_wconf 89' lang='lat' dir='ltr'><strong>et</strong></span> <span class='ocrx_word' id='word_1_253' title='bbox 450 2932 526 2991; x_wconf 89' lang='lat' dir='ltr'><strong>circa</strong></span> <span class='ocrx_word' id='word_1_254' title='bbox 542 2927 680 3008; x_wconf 85' lang='lat' dir='ltr'><strong>Clupeam</strong></span> <span class='ocrx_word' id='word_1_255' title='bbox 696 2930 815 2991; x_wconf 87' lang='lat' dir='ltr'><strong>Airicae</strong></span> <span class='ocrx_word' id='word_1_256' title='bbox 833 2930 1006 3008; x_wconf 88' lang='lat' dir='ltr'><strong>scorpiones</strong></span> <span class='ocrx_word' id='word_1_257' title='bbox 1028 2935 1125 3004; x_wconf 89' lang='lat' dir='ltr'><strong>necat,</strong></span> 
     </span>
     <span class='ocr_line' id='line_1_34' title="bbox 121 3011 728 3093; baseline -0.007 -18"><span class='ocrx_word' id='word_1_258' title='bbox 121 3014 242 3076; x_wconf 88' lang='lat' dir='ltr'><strong>Baliaris</strong></span> <span class='ocrx_word' id='word_1_259' title='bbox 259 3022 289 3074; x_wconf 95' lang='lat' dir='ltr'><strong>et</strong></span> <span class='ocrx_word' id='word_1_260' title='bbox 302 3011 461 3074; x_wconf 84' lang='lat' dir='ltr'><strong>Ebusitana</strong></span> <span class='ocrx_word' id='word_1_261' title='bbox 476 3016 632 3093; x_wconf 90' lang='lat' dir='ltr'><strong>serpentis.</strong></span> <span class='ocrx_word' id='word_1_262' title='bbox 724 3060 728 3071; x_wconf 94' lang='lat'><em>.</em></span> 
     </span>
    </p>
   </div>
   <div class='ocr_carea' id='block_1_3' title="bbox 0 0 1194 3840">
    <p class='ocr_par' dir='ltr' id='par_1_3' title="bbox 0 0 1194 3840">
     <span class='ocr_line' id='line_1_35' title="bbox 0 0 1194 3840; baseline 0 0"><span class='ocrx_word' id='word_1_263' title='bbox 0 0 1194 3840; x_wconf 95' lang='lat' dir='ltr'><strong> </strong></span> 
     </span>
    </p>
   </div>
  </div>
 </body>
</html>
