2378 3840
142 177 200 238 140
482 184 513 234 o.
531 185 629 234 annu
644 183 794 234 suenum

137 345 227 402 mixta
242 342 349 403 harena
365 342 478 418 litoris,
502 340 671 401 tralucentis
692 340 760 401 novi
782 339 906 417 liquoris
924 338 1048 401 fluxisse
1060 343 1143 404 rivos

139 436 169 487 et
183 427 256 488 hano
270 428 363 488 fuisse
379 427 521 504 originem
536 427 613 485 vitri.

96 522 146 578 192
221 512 303 589 (66.)
332 509 418 587 llox,
445 519 476 570 nt
499 518 546 569 est
565 510 719 588 ingeniosa
741 508 890 584 sollertia,
917 524 976 568 non
996 509 1051 570 fuit
1071 529 1143 572 con-

140 604 219 656 tenta
234 598 339 655 nitrum
354 596 524 670 miscuisse,
544 603 666 672 coeptus
682 592 746 654 addi
763 601 793 652 et
807 610 927 668 magnes
944 592 1035 671 lapis,
1052 613 1145 673 quon-

138 682 194 739 iam
213 682 243 739 in
261 698 295 740 se
313 679 457 758 liquorem
473 679 539 738 vitri
555 695 672 756 quoque
686 685 718 737 ut
739 677 849 737 ferrum
864 674 981 736 trabere
1003 678 1167 744 ereditur.'s

138 764 223 825 simili
250 762 337 823 modo
366 770 397 823 et
421 761 524 822 calculi
548 760 737 839 splendentes
759 760 942 821 multifariam
963 765 1063 840 coepti
1087 767 1144 843 uri,

138 847 205 907 dein
229 847 359 908 conchae
380 864 414 906 ao
435 845 555 907 fossiles
577 845 715 906 harenae.
746 853 881 905 auctores
900 847 1010 905 suntin
1026 846 1107 909 lndia
1125 869 1143 910 e

95 943 147 997 193
159 932 299 1008 crystallo
311 932 401 992 fracta
415 931 478 991 fieri
490 939 521 991 et
537 931 575 990 ob
592 930 622 989 id
635 929 744 989 nullum
758 929 911 1007 conparari
927 928 1036 990 lndioo.
1070 931 1144 992 levi-

138 1015 192 1076 bus
216 1025 311 1076 autem
332 1015 480 1092 aridisque
502 1015 588 1092 lignis
612 1014 748 1092 nequitur
770 1013 982 1093 additooypro
1004 1033 1038 1074 ao
1063 1016 1141 1077 nitro

96 1117 125 1161 u,
141 1118 163 1152 ar
174 1117 307 1159 maxume
335 1098 464 1178 Ophirio.
509 1099 653 1159 continuis
679 1095 847 1158 fornacibus
871 1106 901 1157 ut
928 1116 979 1159 aes
1004 1096 1142 1178 liquatur,
1154 1118 1179 1158 ro

138 1202 311 1261 massaeque
331 1183 402 1242 liunt
424 1182 527 1243 colore
548 1183 648 1260 pingui
673 1183 860 1258 nigricantes.
899 1184 977 1243 acies
1000 1191 1078 1243 tanta
1095 1195 1143 1244 est

138 1284 317 1346 quacumque
340 1274 371 1325 ut
386 1267 458 1326 citra
474 1284 592 1326 sensum
606 1265 693 1325 ullum
710 1264 746 1325 ad
763 1283 830 1326 ossa
845 1275 987 1327 consecet
1004 1266 1142 1344 quidquid

138 1349 290 1410 adflaverit
312 1351 455 1428 eorporis.
503 1368 542 1410 ex
569 1350 672 1409 massis
693 1367 794 1410 rursus
815 1349 944 1410 funditur
964 1351 993 1410 in
1015 1349 1140 1410 officinis

139 1434 354 1513 tinguiturque,
387 1441 417 1494 et
440 1433 518 1496 aliud
542 1433 610 1494 flatu
636 1434 793 1511 liguratur,
817 1434 894 1495 aliud
913 1442 1000 1495 torno
1024 1435 1141 1511 teritur,

137 1517 214 1577 aliud
238 1519 352 1595 argenti
372 1518 459 1578 modo
482 1518 627 1594 caelatur,
652 1517 762 1578 Sidone
785 1518 927 1597 quondam
948 1518 992 1578 bis
1016 1519 1141 1579 officinis
1154 1536 1179 1575 rs

96 1612 146 1668 194
157 1601 261 1678 nobili,
278 1602 420 1680 siquidem
433 1604 520 1662 etiam
536 1601 656 1681 specula
674 1603 905 1678 excogitaverat.
928 1601 1008 1663 Haeo
1024 1603 1078 1662 fuit
1094 1621 1142 1663 an-

139 1686 217 1762 tiqua
240 1687 315 1746 ratio
338 1687 415 1745 vitri.
452 1689 509 1747 iam
528 1703 601 1746 uero
618 1693 647 1745 et
667 1687 697 1745 in
712 1685 859 1746 Volturno
876 1704 960 1746 amne
977 1685 1078 1746 ltaliae
1094 1686 1142 1747 ba-

137 1786 208 1828 rena
230 1769 295 1829 alba
320 1788 444 1830 nascens
472 1788 526 1830 sex
547 1769 577 1829 bl
604 1788 682 1848 pass.
711 1769 799 1831 litore
822 1771 901 1830 inter
923 1767 1026 1830 flumas
1053 1779 1142 1849 atque

137 1850 303 1930 Liternum,
320 1872 375 1933 qua
390 1854 561 1915 mollissima
578 1862 640 1932 est,
656 1854 715 1931 pila
730 1854 845 1914 molave
865 1855 977 1914 teritur.
1008 1854 1076 1915 dein
1091 1857 1142 1914 mi-

138 1945 237 1997 soetur
256 1937 350 1998 tribus
371 1939 502 2016 partibus
522 1938 592 1997 nitri
614 1937 747 2015 pondere
768 1937 816 1997 vel
832 1955 967 1998 mensura
983 1955 1017 1998 ao
1032 1939 1140 2016 liquata
1152 1961 1180 2001 ao

136 2022 165 2079 in
187 2020 258 2080 alias
279 2022 407 2081 fornacis
435 2019 651 2082 transfunditur.
686 2020 727 2080 ibi
749 2021 781 2080 lit
802 2039 897 2081 massa
923 2039 998 2100 quae
1020 2030 1142 2083 vocatur

136 2104 356 2164 hammonitrum
375 2113 463 2182 atque
484 2104 559 2164 baeo
579 2106 751 2184 recoquitur
774 2114 805 2166 et
821 2107 853 2165 lit
870 2107 976 2166 vitrum
990 2124 1092 2184 purum
1107 2126 1142 2167 ac

136 2203 230 2246 massa
250 2187 318 2246 vitri
341 2187 464 2250 candidi.
503 2191 559 2248 iam
578 2206 652 2249 vero
679 2197 708 2249 et
729 2207 783 2267 per
804 2189 910 2252 Gallias
928 2189 1141 2268 Hispaniasque

95 2281 145 2336 195
158 2270 243 2330 simili
268 2271 356 2332 modo
377 2272 485 2333 harena
505 2280 693 2352 temperatur.
732 2273 843 2336 Ferunt
865 2273 985 2335 liberio
1007 2275 1142 2353 principe

137 2356 306 2433 excogitato
327 2357 395 2417 vitri
420 2365 650 2436 temperamento
673 2366 704 2416 ut
725 2357 825 2418 flexile
843 2365 925 2425 esset
944 2365 1033 2418 totam
1050 2359 1180 2420 offici-25

135 2456 199 2500 nam
215 2441 335 2500 artificis
351 2443 415 2501 eius
435 2441 589 2519 abolitam,
610 2460 647 2502 ne
663 2443 758 2518 aeris,
780 2442 912 2516 argenti,
938 2441 999 2498 auri
1014 2437 1142 2503 metallis

136 2525 230 2601 pretia
247 2513 488 2603 detraber'entur,
514 2543 608 2603 eaque
628 2526 702 2585 fama
718 2523 852 2583 crebrior
867 2521 913 2580 diu
928 2538 1012 2599 quam
1028 2526 1144 2586 certior

136 2607 199 2669 fuit.
232 2607 285 2668 sed
310 2608 379 2688 quid
401 2611 495 2670 refert
511 2609 639 2670 Neronis
662 2607 825 2685 principatu
845 2614 965 2683 reperta
984 2607 1053 2667 vitri
1075 2617 1143 2671 arte

136 2708 211 2768 quae
236 2692 368 2752 modicos
390 2694 497 2754 calices
521 2693 595 2752 duos
621 2706 694 2768 quos
716 2689 904 2768 appellabant
925 2699 1061 2769 petrotos
1082 2691 1140 2754 HS.

134 2777 177 2840 VI*
190 2774 345 2836 venderet.
1128 2821 1130 2825 .
1153 2809 1180 2850 30

93 2865 144 2920 196
221 2857 303 2935 (67.)
325 2857 359 2917 ln
382 2877 495 2935 genere
516 2860 583 2919 vitri
607 2865 638 2918 et
653 2856 774 2918 obsiana
789 2868 976 2920 numerantur
990 2860 1025 2921 ad
1041 2861 1141 2922 simili·

135 2938 263 3000 tudinem
278 2939 382 3018 lapidis
399 2959 484 3020 quem
501 2943 531 3001 in
545 2941 705 3022 Aethiopia
720 2943 832 3004 invenit
847 2943 972 3021 Obsius,
988 2946 1141 3024 nigerrimi

135 3022 258 3102 coloris,
275 3024 429 3104 aliquando
444 3033 475 3085 et
489 3024 632 3104 tralucidi,
651 3029 798 3090 crassiore
814 3030 879 3088 visu
891 3037 979 3107 atque
993 3031 1024 3089 in
1036 3047 1140 3108 speon·

137 3108 173 3168 lis
187 3111 331 3187 parietum
343 3127 400 3190 pro
411 3111 536 3189 imagine
549 3111 665 3172 umbras
681 3112 832 3174 reddente.
859 3131 987 3192 gemmas
1004 3113 1085 3173 multi
1102 3132 1141 3174 ex

136 3210 173 3253 eo
191 3194 319 3271 faciunt,
342 3195 463 3255 vidimus
486 3203 517 3256 et
537 3196 647 3256 solidas
663 3198 804 3276 imagines
824 3198 882 3258 divi
897 3198 1022 3275 Augusti
1039 3199 1178 3276 capacius

134 3280 255 3338 materia
270 3279 354 3341 buius
375 3279 593 3357 crassitudinis,
614 3281 780 3361 dicavitque
797 3284 863 3359 ipse
883 3300 938 3361 pro
954 3282 1093 3343 miraculo
1109 3283 1140 3342 in

93 3370 142 3426 197
155 3362 265 3440 templo
283 3361 466 3426 Concordiae
489 3364 628 3425 obsianos
650 3373 787 3446 quattuor
811 3365 994 3445 elephantos.
1026 3365 1141 3425 remisit

135 3453 165 3504 et
186 3445 322 3508 'liberius
345 3446 455 3510 Caesar
477 3448 720 3528 Heliopolitarum
741 3451 925 3514 caerimoniis
944 3458 1089 3530 repertam
1110 3449 1141 3509 iu
