2378 3840
308 199 643 248 nan.n1sr.xxxvn.
662 201 704 251 ιο.
723 191 874 269 (ot—67.)
1034 193 1092 252 175

93 356 221 418 sideritis
241 363 379 432 vocatur,
397 356 473 432 ignis
488 372 547 413 non
565 355 717 414 sentiens.⁴
737 353 884 416 ostracias
905 358 968 416 siva
984 363 1134 436 ostra-'177

93 441 158 501 citis
170 447 215 498 est
230 447 377 515 testacea,
392 437 493 497 durior
503 437 671 498 ceramitide
684 438 802 498 achatae
816 438 934 517 similis,
947 440 1002 499 nisi
1015 439 1093 516 quod

92 524 159 598 illa,
188 541 251 581 cum
273 522 401 601 politur,
428 523 602 599 pinguescit.
644 519 711 581 huic
732 530 809 581 tanta
833 522 937 582 duritia
963 524 1039 582 inest
1062 530 1093 581 ut

91 608 261 683 fragmentis
281 607 345 666 eius
368 606 443 665 aliae
465 623 597 682 gemmae
620 604 792 683 scalpantur.
838 605 969 666 Ostritidi
994 614 1093 665 ostrea

70 709 109 751 ca
127 690 311 750 similitudine
332 707 439 749 nomen
456 688 577 749 dedere.
616 686 830 767 ophicardelon
852 689 968 749 barbari
988 696 1093 749 vocant

92 775 205 851 nigrum
220 774 351 834 colorem
369 773 445 833 binis
461 771 538 833 liniis
555 769 629 832 albis
644 771 866 832 includentibus.
908 772 952 834 De
969 773 1092 832 obsiana

92 856 189 936 lapide
211 857 333 916 diximus
359 858 514 934 superiore
533 856 618 916 libro.
655 857 892 937 inveniunturet
912 875 1044 933 gemmae
1055 853 1135 941 Ἥ

94 941 198 1000 eodem
208 940 324 999 nomine
335 940 481 1000 accolore
493 957 551 999 non
564 939 657 999 solum
669 941 698 998 in
706 938 865 1017 Aethiopia
874 940 1024 1018 Indiaque,
1039 940 1093 1000 sed

93 1026 179 1083 etiam
194 1025 223 1082 in
238 1020 354 1083 Samnio
371 1031 417 1101 ct,
439 1031 469 1083 ut
489 1022 577 1101 aliqui
599 1031 715 1101 putant,
738 1024 767 1082 in
782 1022 937 1102 Hispania,
956 1023 1091 1083 litoribus

58 1125 82 1166 ra
93 1126 155 1167 erus
172 1124 282 1166 oceani.

130 1188 131 1192 ’
160 1191 241 1268 (66.)
256 1189 403 1251 Panchrus
414 1192 479 1250 lere
494 1208 533 1250 ex
544 1190 676 1250 omnibus
692 1190 841 1250 coloribus
853 1199 975 1252 constat.
1000 1190 1072 1249 Pan·
1083 1199 1135 1254 178

91 1292 186 1353 gonus
205 1293 263 1335 non
283 1275 401 1353 longior
418 1274 511 1352 digito
525 1293 563 1334 ne
580 1273 734 1351 crystallus
747 1273 878 1334 videatur
893 1293 1013 1335 numero
1031 1274 1092 1352 plu·

91 1361 164 1418 rium
182 1355 352 1436 angulorum
368 1360 445 1419 iacit.
486 1357 615 1417 Paneros
638 1358 731 1435 qualis
753 1360 790 1417 sit
811 1357 1012 1419 abletrodoro
1033 1375 1092 1416 non

92 1442 207 1517 dicitur,
223 1441 275 1500 sed
290 1460 406 1502 carmen
419 1440 569 1499 Timaridis
585 1443 706 1517 reginae
722 1442 827 1500 ineam
845 1441 968 1500 dicatum
979 1440 1091 1500 Veneri

58 1542 150 1584 annon
165 1523 317 1600 inelegans
337 1526 438 1602 ponit,
463 1542 501 1583 ex
519 1540 577 1601 quo
593 1523 775 1600 intellegitur
797 1523 920 1583 adiutam
934 1523 1092 1583 fecundita-

92 1616 159 1668 tem.
191 1606 265 1666 hanc
291 1607 403 1686 quidam
424 1615 602 1686 paneraston
630 1615 742 1666 vocant.
782 1606 965 1666 Ponticarum
987 1606 1134 1684 pluralia

92 1700 158 1754 sunt
172 1709 298 1769 genera:
326 1699 372 1751 ost
387 1690 503 1750 stellata
517 1708 592 1749 nunc
604 1690 770 1767 sanguineis
783 1707 857 1749 nunc
870 1692 977 1750 auratis
989 1691 1091 1767 guttis,

93 1793 166 1852 quae
182 1776 259 1834 inter
280 1791 377 1834 sacras
393 1773 526 1835 habetur.
562 1773 619 1834 alia
640 1791 694 1853 pro
714 1773 809 1833 stellis
834 1773 964 1833 eiusdem
982 1773 1091 1833 coloris

91 1859 175 1918 linias
188 1856 276 1932 habet
284 1901 294 1935 ,
310 1853 365 1918 alia
375 1860 513 1919 montium
525 1857 755 1934 convalliumque
769 1857 894 1934 effigies.
918 1856 1091 1934 Phloginos,

56 1961 81 2001 20
92 1961 175 2022 quam
191 1951 221 2002 et
236 1941 384 2018 chrysitim
398 1951 518 2018 vocant,
541 1942 648 2002 ochrae
665 1941 783 2001 Atticae
799 1940 967 2001 adsimulata
981 1941 1091 2001 inveni·

92 2034 138 2086 tur
148 2026 331 2106 inhegypto.
356 2025 534 2087 Phoenicitis
548 2045 586 2088 ex
597 2025 692 2086 balani
704 2025 890 2085 similitudine
900 2024 1074 2103 appellatur,
1086 2031 1135 2086 180

91 2109 216 2189 phycitis
232 2111 324 2186 algae.
355 2110 526 2170 Perileucos
542 2111 573 2170 fit
590 2110 625 2169 ab
639 2111 698 2170 oris
711 2126 843 2187 gemmae
855 2108 890 2168 ad
905 2109 1032 2169 radicem
1046 2127 1092 2167 us·

92 2210 149 2271 que
165 2192 233 2252 albo
251 2193 458 2253 descendente.
491 2193 692 2268 Paeanitides,
714 2212 784 2271 quas
807 2193 920 2269 quidam
935 2191 1092 2270 gaeanidas

19 2302 24 2315 ·
91 2284 213 2357 vocant,
229 2284 403 2355 praegnates
419 2276 482 2336 lieri
498 2282 528 2335 et
543 2293 649 2353 parere
665 2274 798 2335 dicuntur
811 2275 979 2354 mederique
995 2285 1092 2354 partu·

56 2380 81 2419 aa
91 2358 245 2420 rientibus.
282 2359 392 2419 natales
411 2360 448 2419 iis
468 2360 497 2418 in
513 2357 683 2419 Macedonia
698 2359 776 2418 iuxta
789 2359 995 2419 monimentum
1011 2358 1092 2418 'lire-

90 2443 170 2521 siae,
188 2444 305 2522 specics
322 2461 413 2521 aquae
428 2441 580 2520 glaciatae.

154 2527 237 2607 (67.)
259 2527 337 2587 Solis
362 2544 473 2604 gemma
498 2525 617 2586 candida
641 2524 740 2585 estad
761 2527 893 2603 speciem
912 2524 1017 2585 sideris
1039 2526 1068 2584 in
1084 2536 1132 2590 181

92 2610 193 2670 orbem
210 2610 350 2687 fulgentis
365 2627 507 2687 spargens
520 2609 625 2669 radios.
652 2607 776 2685 Sagdam
788 2606 924 2668 Chaldaei
941 2617 1045 2669 vocant
1061 2618 1091 2669 et

92 2692 309 2768 adhaerentem,
319 2701 350 2752 ut
360 2693 468 2772 ierunt,
479 2692 600 2753 navibus
611 2692 773 2766 inveniunt,
785 2693 893 2770 prasini
904 2693 1023 2752 coloris.
1041 2692 1091 2751 Sa·

57 2775 1091 2854 samothracaiusuladatsuinominisnigramacsinepondere,similem

92 2861 181 2937 ligno.
215 2859 349 2921 Sauritim
365 2861 395 2919 in
411 2868 514 2920 ventre
529 2860 629 2921 viridis
643 2859 770 2920 lacertae
786 2859 944 2921 harundine
960 2861 1089 2921 dissecto

91 2944 216 3004 inveniri
231 2943 353 3005 tradunt.
368 3021 369 3024 Ἴ
382 2943 502 3003 Sarcitis
516 2943 636 3003 bubulas
654 2945 747 3004 carnis
764 2953 976 3023 repraesentat.
1007 2944 1090 3004 Sele·

91 3028 159 3086 nitis
174 3045 212 3086 ex
228 3027 349 3087 candido
362 3026 484 3087 tralucet
499 3027 606 3087 melleo
621 3026 737 3104 fulgore
752 3030 904 3106 imaginem
919 3028 1004 3087 lunae
1022 3045 1090 3086 con-

92 3111 203 3186 tinens,
220 3110 373 3190 redditque
390 3112 470 3171 eain
485 3111 548 3171 dies
563 3111 694 3188 singulos
706 3113 867 3172 crescentis
877 3111 1090 3188 minuentisque

56 3211 81 3252 as
92 3192 197 3254 sideris
215 3195 344 3272 speciem
353 3238 363 3271 ,
378 3196 403 3254 si
418 3212 519 3254 verum
535 3203 588 3255 est.
619 3197 697 3255 nasci
710 3204 825 3273 putatur
841 3197 870 3254 in
881 3193 998 3253 Arabia.
1026 3194 1132 3260 Si·182

91 3278 193 3339 deritis
211 3278 291 3337 ferro
307 3278 408 3338 similis
423 3286 486 3353 est,
506 3277 602 3355 litigio
618 3278 706 3339 inlata
720 3278 880 3338 discordias
896 3278 981 3354 iacit,
1003 3295 1089 3355 quae·

90 3380 148 3440 qua
159 3363 287 3421 nascitur
301 3363 330 3421 in
342 3361 501 3441 Aethiopia
515 3361 748 3441 sideropoecilos
765 3380 803 3421 ex
817 3379 852 3421 ea
866 3362 898 3421 ht
912 3361 1088 3421 variantibus

90 3446 190 3519 guttis.
220 3445 373 3526 Spongitis
389 3463 494 3506 nomen
510 3465 591 3506 suum
606 3453 818 3525 repraesentat.
856 3445 1065 3522 Synodnutiats
1077 3465 1099 3498 e
