2378 3840
370 202 759 255 nur.n1su.xxxv1.5.
784 189 828 270 (4.)
912 185 915 190 ’
1043 188 1101 250 109

100 357 195 436 ditur,
216 359 298 419 facta.
332 376 388 419 nec
404 359 498 419 minor
517 378 556 419 ex
578 375 757 438 quacumque
779 365 863 437 parte
878 355 1028 417 admiratio
1046 366 1099 417 est.

100 442 198 502 lerunt
213 461 311 504 amore
328 443 469 521 quendam
486 452 617 522 captum,
633 460 696 502 cum
713 442 878 502 delituisset
896 450 1003 518 noctu,
1018 443 1104 501 simu·

100 526 180 587 lacro
202 527 390 604 cohaesisse,
413 529 535 607 eiusque
551 527 716 606 cupiditatis
733 546 801 587 essa
817 525 940 585 indicem
955 524 1101 585 maculam.

100 609 172 669 Sunt
194 612 223 669 in
241 609 332 672 Cnido
358 620 388 672 et
408 612 464 671 alia
484 613 568 688 signa
588 628 748 670 marmorea
768 610 928 670 inlustrium
949 610 1099 685 artificum,
1111 618 1146 670 22

79 691 191 754 uhiher
205 704 290 773 pater
306 695 458 772 Bryaxidis
475 704 505 755 et
520 694 595 755 alter
606 694 722 771 Scopae
740 703 770 753 et
780 692 923 770 Minerua,
939 712 995 753 nec
1012 694 1102 752 maius

10 805 12 810 v
100 776 176 838 aliud
188 778 315 840 Veneris
327 778 504 839 Praxiteliae
520 781 668 858 specimen
681 796 763 855 quam
776 777 854 854 quod
866 779 943 837 inter
954 777 1027 837 haec
1039 776 1103 836 sola

98 871 283 922 memoratur.
328 860 468 922 Eiusdem
496 871 542 922 est
567 871 597 922 et
624 860 736 940 Cupido
759 861 893 922 obiectus
917 879 933 921 a
956 859 1101 921 Cicerone

99 943 207 1021 Verri,
235 945 286 1004 ille
316 954 441 1024 propter
467 964 551 1023 quem
579 945 725 1024 Thespiae
752 945 939 1022 visebantur,
972 963 1046 1005 nuuc
1073 946 1102 1003 in

100 1026 239 1089 Octaviae
261 1028 371 1089 scholis
394 1030 517 1107 positus.
555 1028 686 1089 eiusdem
711 1038 741 1088 et
763 1029 839 1088 alter
862 1029 954 1088 nudus
971 1031 999 1087 in
1015 1029 1101 1088 Pario

67 1132 92 1173 m
101 1110 217 1172 colonia
232 1112 431 1191 Propontidis,
446 1131 499 1191 par
511 1112 622 1173 Veneri
638 1111 758 1173 Cnidiae
772 1112 926 1173 nobilitate
942 1121 973 1172 et
987 1113 1102 1188 iniuria,

101 1195 242 1256 adamavit
264 1198 339 1257 enim
355 1196 478 1258 Alcetas
494 1196 626 1257 Rhodius
645 1205 732 1274 atque
753 1199 783 1256 in
808 1214 845 1256 eo
870 1214 987 1274 quoque
1008 1196 1102 1256 simile

100 1281 207 1339 amoris
237 1283 393 1359 vestigium
417 1281 545 1360 reliquit.
588 1279 700 1341 Romae
721 1280 878 1341 Praxitelis
914 1298 1004 1359 opera
1034 1288 1146 1345 suntad

100 1363 206 1440 Flora,
223 1363 438 1443 Triptolemus,
454 1363 548 1425 Ceres
563 1367 593 1424 in
608 1365 703 1424 hortis
719 1364 908 1441 Servilianis,
923 1364 996 1424 Boni
1015 1382 1103 1425 even·

100 1455 146 1506 tus
164 1455 194 1506 et
208 1446 307 1507 Bonae
321 1450 455 1508 fortunae
471 1449 622 1508 simulacra
638 1450 667 1507 in
683 1446 847 1526 Capitolio,
864 1450 932 1507 item
945 1447 1102 1508 Maenades

67 1549 91 1590 15
102 1538 133 1590 et
149 1547 220 1608 quas
237 1529 379 1606 Thyiadas
396 1541 502 1592 vocant
519 1540 549 1590 et
566 1530 754 1608 Caryatidas,
770 1541 800 1590 et
816 1531 907 1591 Sileni
925 1533 954 1590 in
970 1530 1101 1591 Polionis

101 1612 185 1672 Asini
209 1615 413 1691 monimentis,
436 1623 467 1674 et
485 1613 595 1693 Apollo
616 1624 646 1674 et
667 1613 830 1693 Neptunus.
875 1615 919 1693 [6]
942 1614 1099 1674 Praxitelis
1111 1624 1145 1678 24

101 1697 178 1758 iilius
198 1695 415 1776 Cephisodotus
440 1707 470 1758 et
491 1699 561 1757 artis
583 1697 671 1759 heres
693 1699 756 1757 luit.
792 1700 874 1758 cuius
896 1698 1039 1759 laudatum
1056 1707 1103 1759 est

100 1780 234 1860 Pergami
255 1781 435 1861 symplegma
451 1780 552 1842 nobile
570 1781 669 1859 digitis
686 1784 804 1861 corpori
820 1783 920 1842 verius
935 1801 1018 1861 quam
1030 1800 1103 1842 mar·

100 1868 174 1927 mori
190 1868 341 1944 inpressis.
377 1865 488 1926 Romae
506 1867 568 1926 eius
585 1884 677 1945 opera
695 1874 761 1926 sunt
775 1864 885 1925 hatona
900 1867 929 1924 in
942 1865 1034 1926 Palati
1054 1867 1103 1926 de·

67 1951 200 2028 colubro,
218 1950 319 2011 Venus
335 1952 365 2010 in
374 1949 507 2011 Polionis
525 1949 609 2010 Asini
625 1952 810 2011 monimentis
828 1959 858 2010 et
870 1951 946 2009 intra
962 1949 1102 2010 Octaviae

101 2037 232 2113 porticus
248 2037 277 2094 in
296 2034 415 2096 lunonis
431 2035 505 2096 aede
519 2034 714 2114 Aesculapius
725 2053 759 2096 ac
773 2034 872 2094 Biana.
919 2035 962 2114 [71
985 2033 1100 2113 Scopae
1111 2043 1145 2097 25

101 2118 164 2177 laus
191 2137 254 2177 eum
274 2117 320 2177 his
341 2128 444 2179 certat.
480 2122 506 2179 is
529 2120 600 2180 lecit
617 2120 765 2180 Venerem
789 2128 819 2179 et
834 2119 966 2194 Pothon,
988 2120 1036 2196 qui
1054 2117 1104 2177 Sa-

101 2200 252 2259 mothrace
273 2203 463 2261 sanctissimis
480 2205 663 2264 caerimoniis
679 2205 830 2280 coluntur,
849 2206 919 2263 item
934 2202 1103 2282 Apollinem

101 2281 277 2359 Palatinum,
303 2282 424 2342 Vestam
447 2283 598 2345 sedentem
617 2285 758 2347 laudatam
775 2289 805 2345 in
822 2286 993 2346 Servilianis
1009 2286 1103 2346 hortis

68 2366 235 2446 auduosque
256 2365 413 2444 lampteras
438 2369 516 2426 circa
537 2386 617 2444 eam,
642 2387 762 2445 quorum
782 2387 870 2446 pares
890 2372 919 2427 in
941 2368 1025 2428 Asini
1043 2387 1103 2428 mo·

103 2452 237 2512 nimentis
263 2459 344 2527 sunt,
365 2450 414 2511 uhi
438 2458 468 2510 et
489 2449 672 2528 canephoros
689 2451 828 2511 eiusdem.
859 2451 911 2511 sed
927 2454 956 2510 in
971 2463 1146 2518 maxumatd

103 2535 272 2614 dignatione
295 2535 419 2595 delubro
442 2531 494 2594 Cn.
518 2533 625 2593 Domiti
645 2536 674 2592 iu
694 2532 775 2594 circo
793 2534 934 2594 Flaminio
949 2533 1102 2613 Neptunus

103 2621 169 2698 ipse
193 2629 223 2680 et
238 2619 340 2680 Thetis
362 2629 450 2698 atque
467 2616 616 2695 Achilles,
641 2616 786 2678 Nereides
802 2634 890 2696 supra
904 2617 1059 2696 delphinos
1073 2629 1103 2680 et

103 2711 169 2763 cete
192 2713 240 2763 aut
261 2703 470 2783 hippocampos
500 2702 655 2779 sedentes,
683 2703 753 2762 item
773 2702 911 2763 Tritones
937 2702 1102 2783 chorusque
1135 2754 1139 2761 .

69 2807 95 2850 ao
104 2786 209 2848 Phorci
232 2795 263 2848 et
283 2789 420 2867 pistrices
444 2805 478 2847 ac
497 2786 585 2846 multa
611 2786 667 2846 alia
695 2788 820 2864 marina,
851 2789 945 2848 omnia
973 2788 1103 2850 eiusdem

103 2889 205 2949 manu,
222 2870 404 2951 praeclarum
421 2889 512 2950 opus,
528 2873 615 2931 etiam
633 2873 658 2931 si
678 2873 768 2931 totius
784 2873 862 2932 vitae
878 2873 992 2933 fuisset.
1027 2891 1102 2933 nunc

103 2973 178 3016 vero
194 2965 314 3034 praeter
330 2972 418 3032 supra
442 2955 518 3014 dicta
540 2973 674 3034 quaeque
695 2957 839 3016 nescimus
855 2956 933 3017 lllars
950 2959 1103 3017 etiamnum

104 3047 152 3099 est
163 3038 269 3100 sedens
281 3038 464 3099 colossiaeus
477 3038 607 3099 eiusdem
622 3058 705 3099 mauu
717 3042 747 3099 in
759 3040 868 3119 templo
880 3040 961 3100 Bruti
975 3039 1102 3100 Callaeci
1170 3048 1173 3055 '

104 3122 178 3201 apud
200 3123 461 3201 circumeundam,
483 3133 638 3202 praeterea
654 3124 754 3184 Venus
770 3127 799 3184 in
818 3125 923 3186 eodem
941 3125 1010 3184 loco
1029 3122 1103 3184 nuda

69 3205 289 3270 etPraxiteliam
301 3207 378 3266 illam
392 3206 569 3269 antecedens
584 3217 615 3269 et
626 3217 834 3288 quemcumque
846 3209 931 3269 alium
942 3209 1036 3269 locum
1052 3226 1102 3269 no·

103 3289 260 3351 bilitatura.
284 3291 327 3371 [81
339 3290 450 3352 Romae
465 3292 581 3370 quidem
594 3293 746 3354 multitudo
763 3312 894 3373 operum,
912 3295 997 3354 etiam
1013 3293 1098 3352 ohlit·
1110 3302 1143 3358 at

104 3376 211 3436 teratio
234 3393 268 3436 ac
286 3377 377 3455 magis
400 3377 561 3437 ciliciorum
581 3380 825 3458 negotiorumque
847 3379 945 3439 acervi
970 3379 1063 3438 omnis
1086 3396 1102 3438 a

105 3460 351 3540 contemplatione
376 3471 472 3523 tamen
494 3462 654 3545 abducunt,
683 3465 818 3542 quoniam
840 3465 1010 3523 otiosorum
1024 3463 1118 3518 auus
