2378 3840
309 230 387 276 ruer.
408 226 495 274 mrsu.
513 227 648 273 xxx1111.
667 224 694 278 7.
709 224 736 277 8.
752 214 811 290 (18.
832 216 887 291 19.)
1053 214 1094 276 43

98 383 186 459 luit,
177 399 243 459 rpse
255 381 422 460 discipulum
434 382 532 442 hahuit
544 378 709 440 Zeuxiaden
720 413 772 456 -,
789 376 891 438 GXXl.
906 376 1093 455 Eutychides,

99 463 308 542 Euthycrates,
328 463 471 544 Laippus,
500 462 732 541 Cephisodotus,
754 461 937 537 Timarchus,
929 460 1135 714 ,Pyrene-p

101 547 181 607 chus.
214 545 347 609 uessavtt
364 548 467 610 deinde
487 561 553 624 ars,
575 565 608 607 ac
631 565 731 606 rursus
749 545 911 624 olympiade
931 543 1019 604 CLVI
1045 564 1078 604 re

100 632 184 706 vixit,
193 649 255 690 cum
266 633 349 692 luere
359 632 449 709 longe
462 633 576 710 quidem
587 631 660 690 inira
672 629 850 708 praedictos,
859 628 975 706 probati
987 637 1093 705 tamen,

76 712 240 791 sdntaeus,
249 712 443 790 callistratus,
451 714 598 792 Polycles,
611 713 793 789 Athenaeus,
803 710 1094 788 Gallixenus,Pythu-

99 796 170 856 cles.
193 796 236 858 lta
254 798 395 857 distinctis
412 799 669 858 celeberrimorum
684 796 855 856 aetatibus
845 796 967 872 insignis
983 797 1087 873 raptim
1099 805 1134 885 53

99 889 290 940 transcurram
296 880 406 958 reliqua
414 880 592 940 multitudine
605 881 712 959 passim
725 879 866 958 dispersa.
879 897 988 939 venere
998 887 1110 938 autem

98 965 126 1020 in
140 971 286 1022 certamen
297 962 494 1039 laudatissimi,
508 981 675 1041 quamquam
692 962 815 1022 diversis
830 962 972 1021 aetatibus
987 964 1114 1039 geniti:

99 1049 233 1122 quoniam
244 1044 556 1122 fecerantdmazonas,
568 1062 641 1122 quae
653 1064 715 1105 cum
727 1046 755 1104 in
768 1042 1114 1144 ιειιοιριοῡίιιιιιι[ι’ριιιι·ιΙ

62 1143 89 1184 ro
98 1129 160 1186 siae
173 1127 347 1205 dicaremus,
360 1128 466 1208 placuit
481 1129 551 1206 eligi
563 1129 818 1207 probatissimam
809 1145 939 1206 ipsorum
953 1128 1063 1187 artiiicu

97 1213 145 1288 qui
162 1219 335 1290 praesentes
352 1220 434 1272 erant
455 1212 581 1289 iudicio,
604 1230 667 1271 cum
688 1211 819 1291 adparuit
836 1229 899 1271 eam
920 1229 986 1271 esse
1008 1223 1091 1290 quam

97 1311 196 1355 omues
209 1295 388 1356 secundama
403 1314 453 1356 sua
465 1297 587 1374 quisque
599 1294 785 1356 iudicassent.
800 1295 873 1355 haec
885 1302 931 1354 est
943 1292 1090 1371 Polycliti,

96 1395 235 1455 proxuma
248 1379 283 1439 ah
295 1397 330 1440 ea
342 1378 472 1457 Phidiae,
480 1380 566 1439 tertia
577 1375 720 1455 Cresilae,
734 1386 833 1456 quarta
847 1375 1091 1456 Cydonis,quinta

96 1458 293 1521 Phradmonis.
339 1463 382 1540 [1]
409 1461 524 1521 Phidias
552 1469 672 1539 praeter
698 1460 798 1520 lovem
819 1460 980 1537 Olympium
1006 1471 1133 1536 quernei

61 1565 87 1607 ιι
98 1559 181 1602 nemo
209 1543 367 1602 aemulatur
390 1544 461 1602 iecit
483 1561 521 1603 ex
544 1543 637 1603 chore
660 1561 754 1621 aeque
775 1542 934 1602 Minervam
955 1540 1090 1618 Athenis,

98 1643 171 1702 quae
193 1633 239 1684 est
262 1626 291 1684 in
306 1624 490 1685 Parthenone
510 1634 600 1685 stans.
639 1644 678 1685 ex
694 1645 764 1685 aere
783 1642 855 1685 vero
873 1632 992 1702 praeter
1008 1624 1091 1685 hma-

97 1725 200 1767 conem
216 1708 420 1788 supradictam
432 1707 591 1768 Minervam
614 1716 670 1768 tam
686 1710 809 1768 eximiae
825 1707 1046 1786 pulchritudinis
1061 1717 1092 1767 ut

97 1792 207 1852 formae
223 1809 386 1871 cognomen
400 1793 557 1872 acceperit.
592 1793 662 1852 iecit
680 1800 710 1851 et
726 1791 884 1851 cliduchum
900 1799 929 1852 et
944 1790 1027 1851 aliam
1040 1790 1091 1849 illi·

96 1892 214 1936 nervam
237 1894 318 1954 quam
338 1876 448 1939 Romae
471 1875 575 1936 Paulus
597 1875 738 1936 Aemilius
765 1873 800 1935 ad
824 1875 925 1935 aedem
945 1874 1091 1934 Fortunae

60 1977 88 2018 ao
97 1958 215 2020 huiusce
238 1960 295 2020 diei
317 1960 439 2037 dicavit,
460 1961 529 2021 item
547 1958 603 2020 duo
622 1961 704 2037 signa
720 1976 794 2038 quae
811 1956 930 2019 Catulus
946 1962 975 2017 in
991 1956 1092 2016 eadem
1154 1993 1157 1999 -

96 2043 169 2103 aede
189 2045 305 2122 palliata
322 2052 353 2104 et
364 2044 485 2104 alterum
499 2043 667 2104 colossicon
682 2043 802 2122 nudum,
818 2044 986 2123 primusque
1002 2049 1093 2101 artem

96 2129 261 2187 toreuticen
281 2129 433 2206 aperuisse
457 2135 544 2205 atque
567 2126 783 2188 demonstrasse
809 2128 913 2188 merito
938 2125 1089 2186 iudicatur.

97 2207 139 2285 [21
152 2208 310 2285 Polyclitus
323 2209 477 2284 Sicyonius
484 2208 650 2286 Hageladae
662 2210 819 2288 discipulus
831 2211 1029 2272 diadumenum
1039 2209 1084 2270 fe·
1099 2219 1132 2275 55

96 2292 135 2350 cit
157 2290 285 2349 molliter
307 2293 441 2350 iuvenem
461 2300 574 2350 centum
595 2293 711 2351 talentis
736 2293 932 2372 nobilitatum,
959 2295 1035 2354 idem
1061 2303 1091 2353 et

61 2394 86 2436 au
97 2373 291 2452 doryphorum
306 2373 432 2434 viriliter
447 2392 577 2453 puerum.
608 2374 679 2433 iecit
694 2383 724 2434 et
740 2391 824 2452 quem
839 2393 948 2436 canona
962 2377 1089 2437 artifices

96 2467 200 2518 vocant
215 2458 379 2518 liniamenta
394 2459 465 2518 artis
482 2476 520 2517 ex
536 2475 573 2517 eo
587 2464 724 2535 petentes
737 2458 828 2516 veluti
844 2475 859 2516 a
876 2458 944 2534 lege
959 2457 1088 2536 quadam,

96 2543 234 2619 solusque
249 2542 394 2602 hominum
409 2550 502 2603 artem
513 2544 604 2620 ipsam
620 2541 730 2600 iecisse
745 2541 815 2599 artis
832 2557 924 2618 opere
939 2539 1088 2601 iudicatur.

95 2625 165 2683 iecit
177 2633 207 2682 et
222 2624 452 2702 destringentem
463 2646 496 2686 se
512 2634 542 2685 et
557 2624 660 2684 nudum
675 2623 734 2684 talo
749 2625 944 2683 incessentem
959 2622 1089 2702 duosque

96 2723 205 2784 pueros
220 2709 289 2766 item
304 2708 395 2768 nudos
409 2709 474 2769 talis
493 2708 618 2768 ludentis
633 2709 682 2787 qut
696 2715 834 2768 vocantur
849 2706 1089 2784 astragalizontes

60 2805 87 2847 eo
98 2796 128 2847 et
143 2797 208 2847 sunt
223 2790 253 2847 in
267 2788 324 2849 Titi
341 2793 524 2871 imperatoris
541 2793 615 2852 atrio
634 2791 744 2851 -hoc
767 2809 859 2870 opere
881 2791 988 2851 nullum
1006 2792 1090 2851 ahso-
1119 2829 1122 2833 -

97 2871 183 2930 lutius
203 2872 338 2949 plerique
359 2875 483 2935 iudicant
504 2910 561 2952 —,
581 2877 651 2935 item
669 2874 842 2936 Mercurium
865 2877 912 2952 qui
935 2877 989 2935 iuit
1006 2873 1131 2951 Lysi-56

96 2953 248 3032 macheae,
278 2955 432 3018 Herculem
458 2959 505 3035 qui
529 2957 640 3019 Romae
662 2959 802 3035 hagetera
821 2977 898 3018 arma
919 2967 1089 3035 sumentem,

96 3036 254 3098 Artemona
272 3041 319 3116 qui
335 3041 542 3120 periphoretos
558 3041 721 3140 appellatus
737 3049 791 3100 est
814 3041 861 3101 hic
876 3058 1088 3103 consummasse

95 3120 167 3180 hanc
180 3124 329 3182 scientiam
346 3124 487 3185 iudicatur
504 3133 533 3184 et
545 3126 710 3185 toreuticen
725 3125 768 3184 sic
783 3125 915 3185 erudisse
931 3133 962 3184 ut
975 3123 1089 3183 Phidias

61 3227 85 3268 as
96 3207 257 3281 aperuisse.
289 3209 439 3287 proprium
455 3209 516 3268 eius
533 3216 580 3268 est
593 3225 651 3268 uno
668 3225 752 3268 crure
770 3216 802 3268 ut
818 3210 988 3268 insisterent
1007 3208 1090 3282 signa

96 3291 300 3367 excogitasse,
319 3291 456 3369 quadrata
472 3299 567 3352 tamen
584 3309 652 3352 esse
669 3309 703 3352 ea
725 3292 765 3352 ait
783 3291 877 3352 Varro
902 3299 932 3351 et
947 3307 1040 3369 paene
1055 3288 1089 3349 ad

95 3372 267 3451 exemplum.
312 3375 355 3454 [31
386 3373 537 3452 Myronem
558 3375 728 3437 Eleutheris
752 3386 847 3436 natum
870 3373 1035 3451 Hageladae
1057 3365 1132 3520 etpl

93 3453 186 3534 ipsum
208 3455 377 3536 discipulum
396 3459 500 3519 bucula
517 3477 648 3520 maxume
669 3461 833 3522 nobilitavit
853 3459 1012 3520 celebratis
1024 3475 1083 3513 aen
