2378 3840
111 194 151 254 30
457 204 487 252 o.
503 206 598 252 entur
613 205 762 255 saeuum

111 361 209 438 pisse,
222 376 291 418 mox
305 358 430 419 additum
446 368 596 436 argentum
617 360 646 417 in
662 358 783 436 angulos
805 357 946 434 liniasque
963 374 1017 436 per
1031 375 1108 417 eom-

111 445 265 518 missuras,
290 450 422 520 tympana
438 459 511 501 vero
528 461 561 501 se
578 443 683 501 iuvene
700 441 863 520 appellata,
882 449 971 500 tuma
989 443 1107 501 stateris

112 536 141 585 et
157 526 265 602 lancis,
282 543 352 602 quas
368 527 476 603 antiqui
491 526 620 602 magides
639 533 824 584 vocaverant.

69 617 118 674 147
195 609 276 687 (53.)
298 608 361 668 Nec
375 611 460 687 copia
474 611 587 686 argenti
611 617 719 668 tantum
740 609 808 668 furit
824 610 896 684 vita,
918 607 970 668 sed
996 608 1108 668 valdius

109 711 205 770 paene
219 694 417 770 manipretiis,
441 693 529 769 idque
544 695 599 750 iam
617 692 745 770 pridem,
767 700 797 750 ut
813 693 995 768 ignoscamus
1012 691 1130 752 nobisc

109 775 271 854 Delphines
289 778 383 853 quinis
399 776 537 855 [milibus]
550 776 696 835 sestertiis
710 777 739 833 in
751 774 840 834 libras
852 783 964 853 emptos
978 772 1009 834 G.
1023 773 1108 834 Grac·

110 860 179 918 chus
195 859 310 935 habuit,
329 858 434 918 Lucius
451 876 525 919 vere
545 857 667 918 Crassus
680 867 780 917 orator
796 858 868 918 duos
885 857 1013 936 scyphos
1027 857 1108 917 illen-

111 945 184 1002 toris
210 943 330 1002 artificis
352 961 436 1002 mauu
461 943 590 1003 caelatos
609 943 756 1003 sestertiis
779 939 811 1002 G.
833 943 999 1001 confessum
1014 949 1108 1001 tamen

110 1035 156 1086 est
176 1045 327 1105 numquam
348 1028 384 1085 iis
406 1028 446 1085 uti
465 1034 588 1105 propter
604 1026 806 1086 verecundiam
820 1043 935 1101 ausum,
951 1026 1025 1083 sicut
1040 1024 1108 1084 eun-

70 1119 121 1173 148
133 1110 197 1169 dem
212 1108 267 1172 HS.
283 1112 327 1177 ῆῑ
345 1112 374 1169 in
391 1109 520 1186 singulas
542 1110 632 1169 libras
651 1128 720 1168 vasa
738 1116 834 1187 empta
853 1108 1000 1168 habuisse.
1036 1108 1109 1167 Asia
1118 1129 1145 1170 ro

109 1190 230 1269 primum
251 1193 365 1252 devicta
388 1192 528 1251 luxuriam
549 1195 627 1252 misit
650 1195 679 1250 in
694 1191 822 1268 ltaliam,
845 1191 988 1268 siquidem
1002 1191 1107 1251 Lucius

110 1275 209 1353 Scipio
228 1277 257 1333 in
276 1274 421 1353 triumpho
443 1275 590 1334 transtulit
615 1277 728 1352 argenti
744 1275 847 1334 caelati
864 1273 961 1352 pondo
977 1272 1108 1334 MCGCG

110 1367 141 1417 ct
161 1375 298 1417 vasorum
318 1375 472 1417 aureorum
503 1359 599 1436 pondo
620 1357 692 1433 MD,
721 1368 750 1417 at
776 1358 876 1418 eadem
902 1358 975 1417 Asia
1003 1359 1108 1418 donata

109 1441 199 1501 multe
219 1444 306 1501 etiam
321 1443 439 1518 gravius
456 1440 566 1501 addixit
581 1459 696 1517 mores,
719 1440 906 1519 inutiliorque
921 1443 1043 1516 victoria
1058 1441 1107 1501 illa

68 1535 119 1590 149
132 1525 280 1585 hereditas
295 1525 396 1584 Attalo
414 1542 487 1602 rege
503 1535 616 1584 mortuo
633 1527 695 1585 luit.
735 1533 792 1583 tum
814 1526 889 1584 enim
905 1525 977 1585 haec
994 1525 1107 1585 emendi
1118 1543 1143 1583 rc

109 1608 219 1668 Rornae
235 1610 265 1669 in
279 1608 461 1668 auctionibus
484 1611 576 1686 regiis
599 1610 773 1669 verecundia
790 1617 925 1686 exempta
949 1618 994 1668 est
1015 1609 1108 1686 [urbis

110 1709 184 1751 anno
202 1694 419 1753 sexcentesimo
436 1695 580 1770 vigesimo
597 1692 757 1770 secundol,
779 1692 880 1751 mediis
903 1694 1108 1769 quinquaginta

110 1784 225 1853 septem
248 1778 329 1835 annis
353 1776 465 1836 erudita
487 1779 606 1836 civitate
628 1794 723 1835 amare
739 1777 844 1851 etiam,
869 1793 928 1834 non
951 1777 1044 1835 solum
1061 1776 1108 1836 ad-

109 1861 205 1926 mirari
221 1860 398 1938 opulentiam
412 1868 579 1935 externam,
602 1861 733 1918 inmense
756 1866 786 1917 et
803 1858 948 1918 Achaicae
966 1860 1107 1919 victoriae

107 1952 254 2002 momente
277 1943 312 2004 ad
332 1942 516 2020 inpellendos
539 1960 653 2018 mores,
679 1959 752 2018 quae
775 1950 804 2000 et
820 1943 883 2019 ipsa
902 1945 931 2002 in
947 1944 1004 2003 hoc
1018 1944 1143 2002 inter-ao

109 2025 185 2084 vallo
202 2043 276 2085 anno
299 2025 379 2084 urbis
394 2027 610 2085 sexcentesimo
631 2033 735 2084 octavo
753 2032 834 2104 parta
850 2028 932 2103 signa
949 2035 979 2086 et
995 2025 1106 2085 tabulas

67 2121 118 2172 150
130 2110 221 2185 pictas
239 2110 367 2184 invexit,
384 2127 420 2168 ne
436 2108 503 2185 quid
519 2109 654 2186 deesset,
670 2110 837 2187 pariterque
853 2109 965 2169 luxuria
980 2117 1046 2169 nata
1062 2118 1108 2168 est

110 2200 140 2251 et
161 2190 305 2268 Carthago
327 2191 457 2267 sublata,
482 2193 521 2251 ita
547 2193 776 2271 congruentibus
805 2193 872 2252 latis
893 2201 924 2252 ut
949 2201 978 2252 et
999 2192 1107 2253 liberet

110 2275 244 2352 amplecti
260 2276 329 2334 vitia
345 2284 376 2335 et
392 2274 506 2336 liceret.
536 2278 651 2354 petiere
676 2285 706 2335 et
727 2277 923 2353 dignationem
938 2277 1004 2336 hine
1019 2276 1106 2354 aliqui

110 2367 251 2418 veterum,
283 2356 313 2418 0.
332 2358 440 2418 Marius
456 2369 524 2437 post
539 2362 689 2420 victoriam
706 2358 878 2419 Cimbricam
895 2359 1039 2419 cantharis
1054 2376 1143 2437 pat-ec

109 2451 188 2502 tasse
204 2442 302 2503 Liberi
327 2445 418 2522 patris
443 2444 578 2522 exemplo
596 2444 734 2520 traditur,
751 2443 801 2503 ille
818 2452 916 2503 arator
929 2442 1056 2520 Arpinas
1076 2451 1107 2501 et

108 2526 293 2606 manipularis
312 2529 480 2605 imperator.

67 2608 116 2673 1'51
196 2611 242 2670 ta.
266 2612 348 2688 (54.)
371 2610 496 2688 Argenti
514 2628 595 2670 usum
610 2611 639 2669 in
655 2618 763 2669 statuas
779 2612 899 2689 primum
910 2607 968 2669 divi
979 2608 1106 2687 Augusti

108 2702 270 2771 temporum
290 2694 453 2753 adulatione
476 2695 617 2753 transisse
637 2693 712 2752 false
735 2696 924 2754 existimatur.
958 2694 1014 2752 iam
1032 2693 1107 2752 enim

109 2776 252 2853 triumpho
275 2775 371 2852 Magni
394 2776 513 2854 Pompei
540 2777 701 2854 reperimus
731 2777 861 2837 tralatam
881 2777 1036 2836 Pharnacis
1059 2778 1142 2854 quiec

108 2860 215 2936 primus
234 2860 368 2934 regnavit
385 2861 414 2917 in
428 2859 523 2918 Ponte
539 2868 708 2935 argenteam
722 2855 860 2937 statuam,
876 2862 945 2920 item
959 2858 1106 2920 Mithrida·

67 2953 116 3006 152
128 2944 164 3001 tis
177 2940 333 3018 Eupatoris
351 2950 380 3001 et
392 2960 492 3001 currus
502 2960 608 3002 aureos
623 2952 848 3022 argenteosque.
865 2944 1028 3020 Argentum
1044 2962 1107 3004 suc·

108 3026 185 3086 cedit
197 3025 348 3103 aliquande
366 3033 396 3084 et
416 3044 486 3085 aure
505 3026 574 3086 luxu
585 3028 752 3086 feminarum
768 3027 864 3106 plebis
876 3028 1034 3106 compedes
1050 3027 1105 3087 sibi

108 3110 289 3187 iacientium,
313 3128 383 3188 quas
407 3109 528 3169 induere
552 3128 655 3170 aureas
670 3128 734 3169 mos
749 3112 846 3170 tritior
861 3119 952 3171 vetet.
984 3111 1106 3170 vidimus

108 3202 139 3254 et
154 3195 210 3272 ipsi
227 3193 368 3253 Arellium
380 3192 503 3253 Fuscum
518 3203 626 3253 motum
640 3195 770 3272 equestri
788 3194 890 3255 ordine
909 3195 947 3254 ob
963 3197 1106 3272 insignem
1115 3213 1140 3253 ae

108 3278 292 3355 calumniam,
323 3296 387 3337 cum
408 3276 611 3337 celebritatem
635 3278 855 3338 adsectarentur
877 3278 1106 3339 adulescentium

109 3361 245 3437 scholae,
267 3371 426 3440 argenteos
449 3361 551 3421 anulos
573 3361 735 3422 habentem,
776 3370 805 3422 et
827 3362 894 3440 quid
914 3361 987 3422 haec
1002 3362 1106 3421 attinet

101 3445 266 3522 colligere,
290 3464 353 3505 eum
380 3446 473 3526 capuli
494 3444 613 3504 militum
637 3445 729 3505 ebore
745 3447 831 3505 etiam
846 3444 975 3505 fastidito
992 3446 1106 3506 caelen·
