2378 3840
25 177 28 181 ’
121 157 162 220 34
468 170 775 219 o.rn1u1sncu1vn1

123 324 222 384 Gallia.
254 333 405 402 utrumque
422 341 438 383 a
453 323 636 383 metallorum
650 325 771 385 dominis
789 324 983 402 appellatum,
997 324 1067 384 illud
1084 327 1122 385 ab

95 411 212 473 tamico
226 408 284 469 divi
299 409 441 485 Augusti,
457 407 513 466 boe
530 425 546 466 a
564 409 705 484 coniuge,
722 408 834 467 velocis
853 408 997 467 delectus.
1027 406 1121 468 Livia·

122 511 186 551 num
203 510 318 570 quoque
338 499 421 551 certe
437 489 586 549 admodum
602 493 737 568 exiguum
751 492 903 551 invenitur.
936 508 1042 549 summa
1057 492 1120 568 glo·

121 576 182 634 riae
198 594 272 635 nunc
286 578 315 634 in
326 574 483 635 Marianum
499 592 651 650 conversa,
667 573 744 652 quod
760 582 790 633 et
804 572 993 634 Cordubense
1006 574 1118 634 dicitur.

120 658 177 718 boo
196 658 347 719 abiviano
366 658 501 718 cadmean
522 658 652 717 maxume
669 657 771 717 sorbet
792 666 822 717 et
835 657 988 718 aurichalci
1009 658 1143 720 bonite-s

121 751 179 802 tem
199 743 325 802 imitatur
341 743 370 801 in
385 742 533 808 sestertiis
553 739 825 818 dupondiariisque,
848 737 957 819 Cyprio
980 759 1033 800 suo
1049 743 1120 800 assi·

120 824 174 883 bus
197 827 353 884 contentis.
397 823 436 883 Et
456 824 594 883 hactenus
615 822 752 883 nobilitas
783 825 813 883 in
834 841 904 883 aere
927 824 1064 883 naturalis
1086 843 1119 884 se

121 907 217 968 habet.

92 1002 108 1057 5
182 989 240 1074 (3.)
266 990 390 1069 Reliqua
405 1008 516 1067 genera
530 1009 598 1049 cura
615 998 768 1065 coustant,
793 1007 866 1068 quae
885 991 944 1049 suis
964 989 1036 1049 locis
1054 990 1119 1050 red·

120 1075 223 1135 dentur
244 1092 351 1133 summa
371 1073 503 1133 claritate
528 1082 595 1133 ante
619 1074 714 1133 omnia
735 1073 868 1133 indicata.
901 1070 1050 1143 Quondam
1066 1092 1116 1134 aes
1127 1095 1152 1136 ιο

120 1158 270 1216 conlusum
284 1173 354 1215 auro
375 1164 557 1234 argentoque
573 1156 766 1232 miscebatur,
792 1165 822 1216 et
837 1164 932 1215 tamen
947 1175 993 1215 ars
1009 1159 1117 1254 pretio·

120 1243 181 1299 sior
200 1248 279 1315 erat,
303 1257 377 1298 nuno
398 1241 540 1298 incertum
560 1247 606 1299 est
627 1240 713 1316 peior
727 1239 799 1299 baec
814 1241 851 1298 sit
867 1257 902 1299 an
919 1242 1052 1314 materia,
1067 1242 1118 1298 mi·

120 1341 250 1401 rumque,
266 1340 328 1381 eum
345 1321 380 1380 ad
393 1322 532 1381 infinitum
544 1339 665 1400 operum
669 1324 771 1420 pretia
786 1325 945 1400 creverint,
959 1324 1116 1382 auctoritas

120 1408 189 1466 artis
215 1406 358 1465 exstincta
379 1413 442 1481 est,
468 1415 605 1483 quaestus
629 1407 705 1464 enim
721 1424 807 1465 causa
824 1415 855 1465 ut
872 1407 965 1466 omnia
981 1408 1115 1472 exerceri

119 1499 225 1568 coepta
246 1497 292 1549 est
313 1506 386 1567 quae
407 1488 519 1566 gloriae
536 1489 659 1549 solebat.
691 1489 758 1549 ideo
776 1498 872 1550 autem
894 1490 979 1549 etiam
996 1489 1116 1549 deorum
1126 1513 1151 1554 m

120 1573 264 1652 adscripta
280 1574 383 1650 operi,
405 1591 467 1632 cum
484 1590 624 1650 proceres
639 1575 767 1650 gentium
783 1573 943 1633 claritatem
959 1581 989 1633 et
1003 1573 1096 1632 bac
1070 1591 1116 1632 vra

120 1665 313 1735 quaererent,
338 1657 471 1734 adeoque
491 1656 622 1717 exolevit
646 1655 782 1716 fundendi
805 1658 883 1716 aeris
899 1659 1024 1734 pretiosi
1040 1657 1114 1715 ratio

92 1749 150 1808 6ut
172 1740 275 1800 iamdiu
298 1759 335 1799 ne
359 1742 473 1800 lortuna
496 1741 611 1818 quidem
631 1743 660 1799 in
679 1758 713 1800 ea
728 1759 761 1799 re
776 1741 820 1799 ius
838 1741 908 1799 artis
924 1739 1037 1800 babeat.
1070 1738 1116 1798 Ex

120 1823 168 1883 illa
190 1831 286 1884 autem
305 1825 419 1902 antiqua
433 1824 527 1900 gloria
544 1820 723 1883 Corinthium
739 1841 870 1883 maxume
886 1823 1029 1884 laudatur.
1058 1822 1115 1881 boc

119 1905 202 1968 casus
225 1908 338 1966 miscuit
359 1904 517 1982 Corintho,
539 1925 603 1966 cum
629 1917 798 2004 caperetur,
822 1909 957 1984 incensa,
984 1924 1114 1983 mireque
1124 1922 1150 1963 no

119 1992 195 2050 circe
213 1990 242 2049 id
257 1990 410 2049 multorum
424 1989 580 2049 adfectatio
601 1991 689 2066 furit,
711 1991 818 2070 quippe
834 2009 897 2050 eum
915 1991 1042 2073 tradatur
1056 2006 1114 2048 non

119 2074 174 2133 alia
198 2074 234 2133 de
255 2091 342 2133 causa
357 2072 481 2133 Verrem
502 2091 587 2152 quem
607 2072 646 2133 Μ
664 2071 769 2133 Cicero
790 2075 973 2135 damnaverat
987 2074 1113 2152 proscri-

41 2163 42 2166 ’
119 2166 198 2235 ptum
215 2175 278 2216 cum
294 2174 330 2217 eo
347 2156 382 2215 ab
401 2156 548 2255 Antonio,
564 2159 681 2235 quonim
695 2154 854 2218 Corinthiis
869 2175 1018 2218 cessurum
1033 2175 1066 2215 se
1085 2157 1113 2214 ei

118 2241 296 2318 negavisset
323 2257 356 2299 ac
369 2239 435 2299 mibi
447 2242 538 2300 maior
554 2259 620 2319 pars
634 2259 735 2301 corum
744 2241 878 2303 simulare
889 2259 950 2302 eam
964 2241 1112 2301 scientiam

118 2324 233 2384 videtur
248 2323 283 2384 ad
298 2323 499 2402 segregandos
510 2343 579 2385 sese
591 2342 607 2384 a
617 2325 726 2384 ceteris
738 2326 830 2402 magis
843 2343 925 2403 quam
936 2324 1112 2400 intellegere
1122 2337 1148 2379 rs

90 2415 106 2474 7
120 2408 226 2487 aliquid
240 2409 280 2468 ibi
296 2407 447 2487 suptilius,
472 2417 502 2468 et
519 2408 575 2468 hoc
590 2409 688 2506 paucis
705 2407 827 2468 docebo.
859 2405 1015 2467 Corinthus
1030 2414 1114 2484 capta

118 2500 163 2551 est
186 2492 355 2571 olympiadis
373 2490 497 2551 CLVIII.
522 2509 596 2552 anno
618 2493 726 2568 tertio,
740 2499 859 2551 nostrae
874 2489 965 2549 urbis
969 2486 1113 2565 DGVlll,

117 2594 180 2635 cum
200 2584 267 2635 ante
289 2575 405 2660 saecula
433 2576 550 2636 lictores
576 2575 691 2635 nobiles
714 2594 782 2635 esse
803 2573 969 2651 desissent,
990 2590 1114 2649 quorum

117 2661 165 2718 isti
188 2660 282 2718 omnia
302 2656 385 2736 signa
403 2657 491 2718 bodie
508 2655 656 2720 Corinthia
680 2657 835 2739 appellent.
873 2664 1052 2735 quapropter
1077 2655 1113 2715 ad

116 2741 318 2817 coarguendos
334 2760 387 2801 eos
404 2759 544 2819 ponemus
564 2742 704 2801 artificum
719 2750 841 2803 aetates.
882 2759 947 2800 nam
961 2740 1042 2799 urbis
1058 2757 1111 2799 no·
1121 2757 1148 2800 ao

118 2833 196 2883 strae
215 2841 306 2883 annos
329 2842 368 2884 ex
391 2843 477 2903 supra
497 2823 574 2884 dicta
592 2827 801 2902 conparatione
824 2824 1016 2904 olympiadum
1030 2822 1112 2883 eolli-

116 2925 190 2984 gere
206 2906 291 2966 facile
314 2908 378 2967 erit.
418 2916 484 2966 sunt
507 2925 580 2985 ergo
596 2925 664 2967 vasa
683 2916 790 2968 tantum
808 2907 957 2970 Corinthia
974 2925 1047 2986 qnae
1062 2907 1111 2983 isti

118 2990 316 3067 elegantiores
331 2989 417 3049 modo
438 2991 473 3050 ad
495 2990 644 3051 esculenta
661 2991 855 3069 transierunt,
869 2991 956 3052 modo
974 2993 1004 3051 in
1019 2991 1112 3050 lueer·

88 3085 169 3139 ssnas
191 3082 240 3134 aut
261 3073 382 3134 trulleos
406 3073 485 3135 nullo
505 3073 704 3134 munditiarum
726 3075 866 3155 dispectu.
904 3077 967 3135 eins
987 3076 1041 3134 tria
1060 3092 1112 3151 ge·

117 3177 202 3219 nera:
226 3157 374 3218 candidum
394 3166 518 3234 argento
539 3159 634 3218 nitore
657 3175 739 3236 quam
758 3177 900 3239 proxume
918 3157 1062 3219 accedens
1082 3157 1148 3218 inas

117 3262 174 3320 quo
191 3243 240 3302 illa
254 3244 376 3301 mixtura
391 3241 563 3319 praevaluit,
575 3241 697 3302 alterum
712 3243 741 3302 in
757 3261 814 3320 quo
830 3244 892 3303 auri
908 3242 987 3304 fulva
999 3249 1111 3316 natura,

116 3328 233 3385 tertium
265 3328 293 3386 in
319 3342 376 3404 quo
404 3325 531 3403 aequalis
556 3326 679 3384 omnium
711 3329 869 3405 temperies
895 3326 957 3387 fuit.
993 3333 1113 3404 praeter

110 3407 187 3469 baec
209 3417 255 3468 est
278 3411 358 3469 ouius
383 3409 458 3469 ratio
479 3427 536 3469 non
559 3416 660 3486 potest
680 3407 783 3486 reddi,
804 3426 973 3488 quamquam
990 3407 1114 3467 hominis
