2378 3840
151 187 190 248 50
497 197 526 245 c.
548 197 644 246 Purnr
663 197 813 246 sacunor

151 362 257 429 crates,
273 352 423 429 Polyidus,
440 350 637 428 Pythocritus,
652 351 837 428 Protogenes
857 350 932 409 idem
947 353 1043 429 pictor
1062 353 1152 413 ecla·

108 434 183 520 ³23¹
196 438 335 513 rissimis,
354 444 384 494 ut
396 436 541 511 dicemus,
560 435 729 510 Patrocles,
744 434 853 511 Pollis,
871 433 1043 494 Posidonius
1057 438 1104 513 qui
1121 447 1151 496 et

149 529 300 596 argentum
321 518 445 578 caelavit
469 519 624 595 nobiliter,
651 519 768 578 natione
785 517 949 596 Ephesius,
974 519 1151 596 Periclyme-

149 623 218 680 nus,
234 602 354 678 Philon,
371 602 528 679 Symenus,
546 601 732 678 Timotheus,
748 600 979 678 Theomnestus,
995 602 1150 663 Timarchi-

106 686 220 763 92des,
253 685 372 762 Timon,
403 684 513 762 Tisias,
543 685 683 744 Thrasou.
732 685 795 764 [35]
818 684 864 743 Ex
893 686 1024 745 omnihus
1055 696 1176 752 autema

148 788 280 829 uranume
303 771 476 846 cognomine
506 771 629 846 insignis
652 778 698 828 est
723 766 915 828 Callimachus
936 787 1053 847 semper
1074 771 1150 830 calu-

148 854 271 912 mniator
288 855 349 929 sui,
371 871 426 912 nec
447 854 532 913 finem
548 853 681 913 habentis
698 852 885 928 diligentiae,
909 852 946 911 oh
963 852 992 912 id
1010 856 1148 913 catatexi-

148 936 268 995 technus
285 937 465 1015 appellatus,
485 936 666 996 memorabili
693 935 829 1012 exemplo
845 934 998 995 adhibendi
1016 946 1045 995 et
1060 954 1148 997 curae

127 1020 268 1080 modum.
309 1021 391 1080 huius
418 1029 484 1079 suut
510 1021 649 1080 saltantes
671 1018 838 1095 lacaenae,
870 1019 1049 1078 emendatum
1075 1038 1147 1098 opus

147 1103 199 1163 sed
220 1105 249 1162 in
271 1121 328 1181 quo
351 1104 473 1181 gratiam
495 1121 608 1164 ornnem
629 1103 779 1179 diligentia
797 1102 959 1161 abstulerit.
996 1103 1071 1162 huno
1086 1107 1146 1181 qui·
1159 1129 1180 1169 m

104 1257 110 1263 ἱ
147 1186 209 1246 dam
227 1194 256 1245 et
279 1189 421 1264 pictorem
435 1187 527 1245 luisse
547 1187 669 1244 tradunt.
701 1184 768 1245 Nou
782 1203 852 1244 aere
868 1194 985 1263 captus,
1002 1205 1056 1246 nec
1072 1196 1145 1264 arte,

146 1287 229 1328 unam
244 1277 350 1328 tantum
363 1267 491 1328 Zenonis
509 1277 631 1329 statuam
645 1267 751 1346 Cypria
767 1268 957 1346 expeditione
974 1288 1032 1329 non
1046 1271 1145 1330 vendi·

146 1352 187 1411 dit
210 1348 299 1429 Cato,
324 1352 376 1411 sed
399 1353 465 1430 quia
487 1351 654 1429 philosophi
680 1359 760 1428 erat,
782 1361 813 1410 ut
836 1351 933 1411 obiter
957 1352 1013 1412 hoo
1028 1371 1145 1432 quoque

102 1447 137 1504 93
146 1445 284 1497 noscatur
293 1443 349 1495 tam
361 1438 446 1495 inane
459 1435 632 1512 exemplum.
650 1435 714 1513 {36}
727 1435 760 1494 ln
769 1437 916 1495 mentIone
928 1444 1085 1497 statuarum
1097 1447 1144 1496 est

145 1528 175 1579 et
191 1538 245 1579 una
261 1537 319 1579 nou
334 1518 565 1598 praetereunda,
586 1536 756 1596 quamquam
775 1521 903 1578 auctoris
920 1522 1041 1596 incerti,
1064 1522 1144 1580 iuxta
1155 1548 1180 1587 15

143 1612 256 1680 rostra,
273 1601 407 1662 llerculis
424 1604 553 1680 tunicati,
572 1602 636 1662 sola
651 1620 688 1661 eo
703 1601 803 1661 habitu
816 1601 940 1680 Romae,
957 1613 1041 1663 torva
1056 1605 1142 1682 facie,

143 1689 334 1763 sentiensque
350 1705 484 1764 suprema
502 1688 623 1746 tunicae.
659 1688 689 1744 in
705 1685 758 1745 hac
774 1694 835 1746 tres
850 1694 916 1746 sunt
932 1686 1022 1746 tituli:
1043 1686 1072 1745 L.
1089 1686 1142 1746 Lu·

56 1794 58 1798 ⁷
143 1770 211 1830 culli
223 1773 407 1847 imperatoris
429 1771 465 1830 de
480 1770 637 1843 manubiis,
659 1769 748 1828 alter:
773 1769 912 1848 pupillum
927 1769 1036 1829 Luculli
1055 1771 1142 1829 hlium

143 1873 180 1914 ex
195 1854 225 1914 S.
238 1852 274 1913 C.
292 1853 458 1929 dedicasse,
483 1855 602 1913 tertius:
627 1852 657 1912 T.
676 1851 845 1930 Septimium
861 1851 996 1912 Sabinum
1017 1854 1141 1914 aedilem

141 1938 270 1998 curulem
286 1956 324 1997 ex
338 1939 452 2014 privato
476 1938 504 1994 in
520 1935 665 2013 publicum
687 1937 863 1995 restituisse.
897 1945 940 1995 tot
955 1939 1141 1997 certaminum
1151 1966 1177 2005 20

142 2030 297 2099 tantaeque
315 2020 490 2096 dignationis
506 2017 689 2078 simulacrum
704 2020 732 2079 id
749 2018 810 2078 tuit.

98 2114 132 2172 94
204 2104 285 2182 (20.)
308 2102 390 2162 Nunc
408 2110 628 2180 praevertemur
648 2102 682 2161 ad
699 2101 880 2162 differentias
896 2104 973 2162 aeris
989 2112 1019 2164 et
1036 2106 1140 2164 mixtu·

140 2205 195 2247 ras.
217 2187 249 2246 lu
262 2183 372 2264 Cyprio
388 2187 571 2245 coronarium
587 2194 618 2244 et
632 2185 769 2264 regulare
781 2196 837 2262 est,
854 2194 1006 2265 utrumque
1021 2188 1137 2249 ductile.

139 2271 322 2330 coronarium
341 2277 473 2331 tenuatur
500 2271 529 2329 in
548 2269 673 2347 lamnas,
702 2279 907 2347 taurorumque
927 2270 998 2331 felle
1021 2274 1138 2331 tinctum

139 2356 269 2432 speciem
287 2355 347 2413 auri
367 2356 396 2413 in
411 2355 529 2413 coronis
545 2352 717 2414 histrionum
734 2354 873 2432 praebet,
895 2353 1028 2433 idemque
1043 2357 1072 2414 iu
1088 2374 1174 2422 unos

139 2441 198 2498 cias
214 2438 316 2498 additis
329 2439 391 2498 auri
403 2438 538 2516 scripulis
551 2439 630 2497 senis
643 2439 794 2515 praetenui
810 2439 915 2515 pyropi
930 2438 1044 2499 brattea
1055 2441 1137 2515 igne-

138 2524 200 2582 scit.
227 2522 364 2600 regulare
378 2530 409 2582 et
423 2523 453 2580 in
468 2521 531 2580 aliis
548 2521 579 2579 lit
594 2520 730 2597 metallis,
747 2522 875 2598 itemque
892 2520 1054 2581 caldarium.
1083 2520 1136 2581 dil-

136 2606 261 2666 lerentia
290 2605 366 2683 quod
387 2604 542 2664 caldarium
570 2603 696 2663 funditur
727 2611 850 2680 tantum,
877 2605 989 2665 malleis
1017 2605 1135 2682 fragile,

137 2690 240 2766 quibus
254 2689 390 2766 regulare
408 2688 579 2767 obsequitur
596 2686 631 2745 ab
648 2685 712 2745 aliis
729 2685 835 2746 ductile
848 2688 1033 2766 appellatum,
1049 2688 1134 2769 quale

138 2789 222 2830 omne
240 2770 377 2849 Cyprium
397 2779 452 2832 est.
483 2769 536 2830 sed
554 2777 584 2829 et
605 2771 634 2828 iu
655 2771 764 2829 ceteris
780 2771 905 2831 metallis
928 2790 995 2832 cura
1012 2773 1099 2832 distat
1117 2791 1171 2836 aaa

136 2854 280 2930 caldario,
296 2872 381 2913 omne
398 2857 474 2915 enim
489 2853 657 2930 diligentius
675 2856 805 2932 purgatis
823 2856 882 2931 igni
896 2857 974 2915 vitiis
991 2857 1134 2917 excoctis-

93 2948 126 3005 95
140 2956 197 3015 que
209 2936 345 3015 regulare
361 2947 415 2997 est.
440 2937 473 2997 lu
489 2937 610 3015 reliquis
627 2938 787 3013 generibus
803 2937 895 3016 palma
909 2935 1054 3019 Campano
1068 2958 1133 3018 per-

136 3021 253 3082 hibetur
280 3021 471 3099 utensilihus,
499 3022 577 3080 vasis
606 3021 823 3098 probatissimo.
863 3021 994 3100 pluribus
1023 3026 1054 3083 lit
1077 3023 1134 3083 hoc

135 3107 237 3166 modis.
274 3123 396 3184 namque
413 3102 530 3184 Capuae
550 3104 677 3183 liquatur
694 3122 752 3164 non
767 3105 902 3166 carbonis
923 3107 1059 3184 ignibus,
1080 3107 1134 3167 sed

134 3190 222 3268 ligni,
238 3198 435 3269 purgaturque
453 3190 583 3249 roboreo
599 3188 696 3249 erihro
714 3188 862 3267 perfusum
877 3207 950 3267 aqua
961 3190 1084 3269 frigida,
1099 3209 1133 3249 ac
1143 3214 1170 3255 ss

135 3277 252 3353 saepius
277 3274 361 3335 simili
381 3273 467 3335 modo
483 3274 634 3353 coquitur,
654 3274 813 3332 nouissime
834 3272 937 3332 additis
953 3274 1062 3353 plumbi
1089 3292 1133 3333 ar·

133 3360 256 3433 gentarii
272 3358 473 3439 Hispaniensis
492 3358 574 3418 denis
591 3357 673 3416 libris
691 3359 721 3416 in
736 3364 875 3416 centenas
893 3359 981 3416 aeris.
1011 3358 1051 3418 ita
1070 3357 1131 3417 leu-

122 3444 216 3498 tescit
228 3443 424 3520 coloremque
442 3444 594 3505 iucundum
615 3439 701 3499 trahit
718 3440 831 3518 qualem
846 3441 876 3499 in
890 3439 955 3499 aliis
969 3441 1130 3519 generibus
