2378 3840
99 200 139 263 38
446 213 474 262 o.
490 216 586 262 rnrm
603 214 753 264 0000000

98 369 141 427 010
158 368 271 442 000010,
293 368 367 427 01001
388 367 452 427 01110
478 376 508 428 01
529 367 560 427 P.
580 369 680 448 Iunio,
703 368 745 429 Ti.
770 365 970 445 Coruncanio,
992 370 1039 447 qni
1063 370 1098 429 ab

100 450 190 511 Teuta
212 450 377 527 Illyriorum
402 453 504 528 regina
527 452 674 514 interfecti
697 461 787 513 erant.
831 471 889 512 non
911 452 1098 512 omittendum

98 535 213 594 videtur
236 533 313 612 quod
335 534 454 594 annales
478 533 656 597 adnotavere
680 536 864 615 tripedaneas
881 537 917 596 iis
940 543 1048 595 statuas
1070 538 1099 596 in

98 619 164 677 1000
189 625 321 676 01010100.
357 617 431 678 haec
451 618 590 678 videlicet
617 639 751 680 mensura
772 619 913 679 honorata
936 627 1003 680 tunc
1025 629 1098 679 erat.

98 720 155 762 non
172 701 342 778 praeteribo
359 709 388 760 et
407 699 457 762 Cn.
475 700 624 762 Octavium
641 702 679 763 ob
694 721 778 763 unum
794 702 822 762 S.
839 700 870 763 C.
890 702 1018 763 verbum.
1052 703 1122 767 hice

97 803 199 862 regem
222 784 396 844 Antiochum
425 786 555 846 daturum
584 805 617 846 00
646 803 821 866 responsum
845 785 989 846 dicentem
1017 788 1099 864 virga

98 886 181 946 quam
196 868 315 928 tenebat
329 869 406 929 forte
420 871 647 950 circumscripsit
658 872 796 949 priusque
808 886 891 948 quam
904 868 1098 947 egrederetur

98 951 208 1012 circulo
225 951 276 1012 illo
292 970 466 1030 responsum
488 952 557 1013 dare
579 955 687 1031 coegit.
730 956 827 1032 inqua
843 952 992 1030 legatione
1010 955 1097 1013 inter·

98 1037 178 1096 lecto
204 1044 322 1096 senatus
345 1044 467 1095 statuam
488 1039 556 1115 poni
587 1039 672 1097 iussit
703 1054 806 1115 quam
838 1036 1097 1096 oculatissimo

54 1119 204 1196 001000,
220 1137 313 1196 eaque
330 1121 420 1179 estin
437 1122 551 1179 rostris.
586 1121 732 1180 invenitur
753 1128 847 1181 statua
864 1120 983 1181 decreta
1000 1118 1135 1185 atla-10

98 1205 195 1263 raciae
213 1200 301 1261 Gaiae
324 1204 387 1261 sive
403 1202 537 1262 Fufetiae
554 1205 659 1280 virgini
675 1202 809 1279 Vestali,
831 1211 868 1262 ut
891 1211 1098 1281 poneretur

98 1286 160 1345 ubi
176 1284 314 1360 vellet,
338 1283 416 1363 quod
430 1283 572 1345 adiectum
594 1303 653 1346 000
667 1287 758 1348 minus
776 1287 896 1346 honoris
912 1286 1000 1347 habet
1014 1304 1098 1364 quam
1170 1361 1173 1365 .

98 1370 221 1428 feminae
254 1386 321 1428 esse
349 1367 506 1429 decretam.
548 1370 682 1430 meritum
703 1372 765 1430 eius
789 1371 862 1449 ipsis
887 1387 991 1448 ponam
1013 1386 1097 1428 anna·

97 1454 166 1514 lium
191 1452 306 1512 verbis:
339 1452 433 1530 quod
456 1471 614 1532 campum
632 1452 852 1514 Tiberinum
875 1453 1097 1530 gratificata

99 1544 204 1598 esset
220 1554 260 1597 00
280 1535 428 1615 000010.
1108 1557 1134 1598 15

56 1633 90 1689 06
168 1619 393 1700 (12.11000010
420 1628 448 1680 et
471 1619 658 1697 Pythagorae
688 1629 718 1681 et
743 1620 888 1681 Alcibiadi
909 1621 939 1679 in
960 1619 1097 1679 cornibus

99 1705 196 1766 comiti
217 1706 346 1782 positas,
371 1720 434 1763 cum
456 1703 536 1763 bello
552 1703 671 1763 Samniti
687 1703 797 1783 Apollo
820 1702 940 1781 Pythius
963 1705 1099 1763 iussisset

98 1787 259 1850 fortissimo
274 1786 378 1847 Graiae
393 1789 491 1865 gentis
508 1795 539 1847 et
551 1787 636 1847 alteri
653 1789 868 1866 sapientissimo
881 1786 1032 1848 simulacra
1048 1805 1097 1846 ce·

99 1873 174 1933 lebri
194 1872 260 1932 loco
282 1871 380 1931 dicari.
421 1890 474 1931 eae
497 1880 609 1931 stetere
632 1872 726 1932 donec
741 1870 822 1930 Sulla
843 1871 968 1931 dictator
985 1870 1026 1929 ibi
1050 1888 1098 1929 cu-

99 1959 169 2017 riam
188 1957 309 2015 laceret.
348 1956 507 2032 mirumque
533 1963 579 2015 est
597 1955 664 2015 illos
682 1963 782 2033 patres
797 1953 910 2014 Socrati
933 1954 1043 2012 cunctis
1060 1953 1133 2016 abac

100 2041 204 2101 eodem
227 2040 283 2098 deo
309 2039 450 2117 sapientia
479 2037 612 2116 praelato
632 2037 817 2116 Pythagoran
846 2035 1022 2115 praetulisse
1049 2043 1097 2095 001

99 2133 144 2183 101
166 2123 230 2182 01110
252 2122 359 2182 virtute
380 2120 554 2181 Alcibiaden
584 2130 615 2182 et
642 2136 811 2202 quemquam
835 2127 960 2198 utroque
982 2118 1097 2179 Themi-

56 2219 90 2273 27
103 2207 197 2267 stoeli.
223 2203 424 2264 Columnarum
439 2207 513 2266 ratio
529 2215 591 2266 0001
608 2205 702 2266 attolli
718 2208 806 2282 00000
822 2212 940 2264 0010000
954 2204 1096 2279 mortalis,

44 2331 49 2341 ·
100 2289 177 2370 quod
192 2298 222 2349 et
237 2307 319 2348 00000
336 2289 498 2366 significant
514 2290 630 2350 novicio
648 2292 777 2350 invento.
810 2289 918 2366 primus
934 2295 1030 2348 tamen
1046 2250 1160 2352 ho-ls

99 2392 152 2435 nos
170 2374 268 2451 coepit
284 2391 300 2432 a
318 2371 453 2452 Graecis,
469 2373 598 2453 nullique
613 2374 740 2434 arbitror
756 2372 846 2451 pluris
861 2379 969 2431 statuas
988 2371 1096 2431 dicatas
1106 2388 1132 2429 00

100 2477 181 2537 qnam
197 2457 340 2517 Phalereo
352 2457 503 2519 Demetrio
520 2457 655 2534 Athenis,
672 2456 815 2535 siquidem
828 2452 953 2516 CCCLX
967 2462 1095 2514 statuere

100 2543 224 2602 nondum
244 2559 318 2601 0000
342 2541 416 2601 hunc
438 2559 585 2602 numerum
606 2540 716 2601 dierum
737 2539 918 2616 excedente,
942 2555 1012 2615 quas
1028 2553 1097 2596 mox

99 2627 278 2687 laceravcre.
317 2630 479 2685 statuerunt
508 2634 539 2685 et
559 2624 671 2685 Romae
694 2626 724 2683 in
747 2624 880 2684 omnibus
903 2621 976 2681 vicis
1002 2620 1096 2680 tribus

58 2731 88 2772 00,
104 2730 135 2764 aa
149 2709 240 2768 llario
269 2707 513 2783 Gratidiano,<ut
543 2708 682 2785 diximus,
715 2709 890 2786 easdemque
922 2704 1096 2766 subvertere

100 2792 197 2853 Sullae
213 2793 341 2850 introitu.
1106 2800 1132 2842 ao

57 2888 93 2942 00
167 2874 247 2951 (13.)
268 2872 427 2932 Pedestres
450 2875 513 2933 sine
535 2873 623 2933 dubio
638 2873 749 2934 Romae
767 2874 850 2933 luere
870 2873 901 2931 in
924 2870 1096 2932 auctoritate

100 2960 191 3034 longo
216 2965 363 3033 tempore,
387 2965 416 3015 et
439 2957 617 3033 equestrium
637 2965 732 3017 tamen
757 2958 842 3034 origo
858 2973 997 3034 perquam
1011 2961 1096 3013 vetus

101 3051 147 3103 est
170 3058 232 3100 cum
253 3039 366 3098 leminis
391 3041 477 3099 etiam
492 3039 605 3100 honore
628 3042 836 3101 communicato
853 3036 985 3100 Cloeliae
1004 3045 1098 3097 statua

102 3124 248 3205 equestri,
265 3141 318 3183 eeu
333 3139 432 3200 parum
448 3132 529 3183 esset
541 3132 610 3201 toga
627 3141 689 3183 eam
705 3125 798 3201 cingi,
816 3141 879 3182 eum
894 3120 1049 3183 Lucretiae
1066 3138 1098 3179 ac

100 3211 207 3285 Bruto,
232 3209 278 3286 qni
302 3205 473 3284 expulerant
490 3226 579 3284 reges
596 3215 719 3286 propter
736 3225 809 3286 quos
826 3204 939 3267 Cloelia
952 3207 1029 3265 inter
1048 3204 1134 3264 ob-cc

58 3293 382 3368 0901000100001,000
399 3289 636 3351 decernerentur.
670 3291 743 3351 hanc
760 3291 877 3369 primam
895 3308 958 3349 cum
977 3286 1098 3348 Coclitis

101 3378 217 3455 publice
238 3376 360 3437 dicatam
382 3374 573 3447 crediderim,
596 3409 633 3422 -
656 3373 728 3434 Atto
746 3375 821 3434 enim
837 3391 870 3432 ac
885 3372 1014 3449 Sibyllae
1030 3370 1099 3430 Tar-

91 3462 224 3532 thrhm
239 3478 275 3518 ac
290 3477 384 3536 reges
400 3459 458 3520 sibi
479 3460 561 3540 ipsos
576 3459 714 3539 posuisse
729 3455 889 3517 verisimile
906 3464 970 3534 est,
985 3490 1026 3499 -
1041 3455 1098 3514 nisi
