2378 3840
112 186 152 247 98
460 195 488 243 c.
503 195 600 242 eumn
617 195 767 244 sacuam

114 352 195 412 undis
213 359 242 410 et
258 351 412 411 fortiorem
430 349 555 424 cotidie,
573 351 672 428 utique
694 351 719 410 si
735 347 861 410 Cumano
879 351 1035 413 misceatur
1054 371 1119 414 cae·

73 447 121 504 167
135 433 256 495 mento?
293 432 401 492 Eadem
412 441 463 493 est
482 441 579 493 terrae
602 442 701 494 natura
724 436 800 494 etin
819 431 964 510 Cyzicena
983 437 1118 514 regione,
1176 470 1178 473 ·

114 518 166 580 sed
189 519 230 578 ibi
247 535 305 578 non
320 516 433 595 pulvis,
451 534 551 576 verum
566 518 629 595 ipsa
647 526 725 578 terra
745 535 799 595 qua
815 517 906 577 libeat
920 520 1119 595 magnitudine

114 604 213 664 excisa
229 611 259 663 et
272 601 404 661 demersa
420 602 449 659 in
464 618 544 660 mare
560 600 674 678 lapidea
690 601 859 661 extrahitur.
883 602 938 660 hoc
956 602 1031 661 idem
1042 604 1119 664 circa

115 684 324 747 Cassandream
335 684 459 762 produnt
476 685 551 760 fieri,
569 692 599 744 et
615 686 643 743 in
656 686 737 745 fonte
751 683 853 744 cnidio
870 684 944 744 dulci
961 687 1034 744 intra
1050 695 1141 747 octos

114 789 229 831 menses
247 777 354 829 terram
370 766 562 847 lapidesoere.
606 768 641 827 ab
659 767 759 847 Oropo
777 768 893 847 quidem
907 768 1011 829 Aulida
1026 788 1118 847 usque

116 853 252 931 quidquid
272 854 425 928 attingitur
444 853 514 910 mari
530 860 626 911 terrae
645 860 770 911 mutatur
790 853 916 912 insana.
960 851 1026 911 Non
1049 854 1119 912 mul·

116 944 202 996 tuma
223 937 345 1015 pulvere
364 934 526 995 Puteolano
542 934 629 994 distat
648 954 664 994 e
680 934 748 994 Nilo
762 936 869 995 harena
888 937 1055 995 tenuissima
1073 939 1118 996 sui

114 1028 218 1099 parte,
249 1037 307 1079 non
325 1019 360 1082 ad
377 1018 543 1078 sustinenda
563 1020 651 1078 maria
668 1017 829 1096 fluctusque
848 1019 1043 1096 frangendos,
1065 1020 1118 1080 sed

72 1114 124 1171 168
136 1104 171 1164 ad
188 1102 359 1165 debellanda
373 1119 497 1180 corpora
511 1102 675 1180 palaestrae
691 1102 803 1162 studiis.
834 1101 900 1177 inde
917 1111 999 1162 certe
1015 1103 1116 1164 Patro·
1130 1125 1154 1167 ro

115 1189 164 1247 bin
181 1187 308 1247 Neronis
331 1186 470 1263 principis
488 1185 596 1244 liberto
615 1184 821 1245 advehebatur.
863 1186 930 1262 quin
946 1194 976 1246 et
993 1185 1117 1247 Cratero

115 1279 145 1330 ct
166 1269 316 1330 Leonnato
338 1286 372 1327 ac
392 1266 544 1345 Meleagro
567 1268 726 1328 Alexandri
749 1265 845 1346 Magni
866 1268 987 1330 ducibus
1007 1271 1118 1331 sablum

115 1354 171 1414 hoc
203 1354 313 1431 portari
342 1369 404 1412 oum
428 1351 549 1429 reliquis
579 1352 750 1411 militaribus
779 1355 959 1412 commerciis
985 1356 1117 1433 reperio,

115 1438 198 1516 plura
216 1436 252 1496 de
270 1436 322 1495 hac
339 1443 422 1514 parte
438 1453 496 1495 non
512 1434 651 1513 dicturus,
667 1453 736 1512 non,
751 1435 905 1514 Hercules,
926 1439 1017 1514 magis
1034 1456 1118 1516 quam

115 1521 151 1581 de
165 1529 262 1581 terrae
277 1539 329 1579 usu
345 1521 374 1578 in
390 1522 556 1596 ceromatis,
569 1520 673 1597 quibus
686 1520 852 1581 exercendo
867 1523 1001 1580 iuventus
1017 1531 1118 1582 nostra
1128 1540 1153 1581 1⁵

114 1605 248 1684 corporis
266 1605 335 1663 viris
355 1604 452 1681 perdit
466 1607 631 1664 animorum

75 1697 124 1753 169
185 1690 233 1748 14
253 1684 330 1770 (48.)
350 1684 445 1758 Quid?
461 1689 559 1748 nonin
572 1687 671 1748 Africa
686 1687 880 1766 Hispaniaque
896 1707 913 1747 c
929 1696 1007 1748 terra
1023 1691 1118 1765 parie-

77 1781 162 1831 tes
181 1789 254 1850 quos
270 1771 417 1850 appellant
432 1773 613 1848 formaceos,
636 1773 770 1850 quoniam
785 1772 921 1830 informa
936 1772 1153 1833 circumdatis·

115 1855 225 1916 duabus
249 1857 392 1932 utrimque
409 1856 514 1915 tabulis
530 1856 721 1914 inferciuntur
735 1856 834 1914 verius
855 1872 937 1932 quam
957 1863 1116 1933 struuntur,

115 1941 196 2000 aevis
214 1939 333 2015 durant,
350 1940 510 2018 incorrupti
525 1938 683 2015 imbribus,
701 1940 811 2015 ventis,
829 1940 964 2016 ignibus,
981 1941 1152 2017 omniqueao

116 2031 267 2083 caemento
282 2020 446 2080 firmiores?
480 2029 593 2100 spectat
609 2023 694 2081 etiam
711 2040 785 2082 nunc
800 2022 933 2101 speculas
950 2021 1116 2084 Hannibalis

115 2105 253 2184 Hispania
265 2113 455 2181 terrenasque
469 2107 557 2164 turris
573 2106 649 2182 iugis
664 2108 801 2166 montium
818 2108 970 2185 inpositas.
1002 2108 1068 2168 hinc
1087 2117 1116 2168 et

116 2191 274 2267 caespitum
297 2197 397 2248 natura
419 2196 580 2249 castrorum
600 2189 683 2250 vallis
702 2190 934 2268 adcommodata,
957 2201 1116 2270 contraque

118 2271 263 2332 fluminum
280 2275 405 2351 impetus
428 2274 598 2351 aggeribus.
629 2275 710 2334 inlini
734 2274 849 2353 quidem
869 2277 956 2334 cratis
975 2277 1117 2354 parietum

117 2356 178 2417 luto
195 2366 224 2418 et
240 2357 380 2417 lateribus
397 2356 493 2418 crudis
510 2359 621 2418 exstrui
638 2361 702 2436 quis
718 2355 854 2435 ignorat?
1126 2375 1151 2415 aa

75 2451 126 2507 170
183 2441 261 2522 (49.)
281 2440 403 2502 hateres
416 2460 474 2501 non
489 2451 555 2501 sunt
571 2461 608 2503 ex
622 2441 761 2501 sabuloso
777 2458 872 2517 neque
887 2439 1034 2500 harenoso
1046 2443 1117 2503 mul·

116 2535 207 2605 toque
229 2527 321 2585 minus
345 2525 493 2586 calculoso
510 2524 631 2586 ducendi
647 2523 731 2599 solo,
750 2523 834 2582 sede
857 2530 976 2582 cretoso
993 2532 1023 2583 et
1044 2524 1116 2586 albi-

116 2619 200 2670 cante
217 2618 265 2669 aut
280 2628 317 2668 ex
333 2609 448 2668 rubrica
467 2609 516 2669 vel
533 2611 617 2668 etiam
634 2626 650 2665 e
667 2605 788 2682 sabulo,
804 2605 932 2666 masculo
946 2614 1039 2667 certe.
1065 2609 1116 2670 lin·

115 2701 222 2771 guntur
244 2701 361 2771 optume
380 2710 469 2768 rere,
495 2710 558 2750 nam
581 2688 710 2749 solstitio
732 2689 831 2748 rimosi
854 2689 933 2749 hunt.
975 2691 1115 2754 aediliciis

117 2792 175 2834 non
194 2776 248 2834 nisi
267 2776 361 2835 bimos
377 2775 510 2852 probant.
538 2773 607 2871 quin
624 2779 654 2832 et
670 2772 821 2832 intritam
811 2791 903 2852 ipsam
919 2792 1019 2835 eorum
1033 2778 1115 2875 prius
1126 2791 1153 2832 an

75 2868 121 2923 171
136 2876 220 2936 quam
241 2860 385 2935 fingantur
405 2857 544 2916 macerari
570 2863 698 2933 oportet.
744 2853 857 2917 Genera
874 2876 974 2918 eorum
995 2861 1042 2938 qui
1060 2863 1116 2921 tria

115 2940 243 3019 hydron,
269 2958 325 3018 quo
348 2942 472 3016 utimur,
500 2939 617 3016 longum
640 2940 863 3019 sesquipedem,
886 2942 973 3002 latum
998 2943 1115 3022 pedem,

116 3025 237 3086 alterum
256 3023 446 3101 tetradoron,
468 3025 585 3083 tertium
602 3024 800 3102 pentadoron,
823 3024 926 3086 Graeci
948 3029 1023 3088 enirn
1045 3030 1115 3087 anti-

116 3110 163 3187 qui
176 3109 269 3169 doron
285 3107 406 3186 palmum
421 3108 565 3168 vocabant
580 3117 609 3168 et
624 3107 691 3169 ideo
709 3108 778 3169 dora
795 3127 930 3187 munera,
952 3112 1019 3190 quia
1031 3129 1114 3171 manu

116 3194 260 3254 darentur.
306 3209 379 3270 ergo
401 3200 569 3271 aquattuor
591 3200 622 3253 et
643 3194 770 3272 quinque
790 3193 908 3271 palmis,
931 3204 1018 3272 prout
1038 3204 1152 3273 sunau

115 3279 305 3338 nominantur.
335 3276 435 3339 eadem
449 3285 534 3336 estet
546 3274 678 3336 latitudo.
701 3278 813 3335 minore
824 3279 945 3356 privatis
962 3279 1114 3358 operibus,

116 3363 226 3422 maiore
244 3362 274 3419 in
289 3360 413 3437 publicis
433 3367 550 3419 utuntur
564 3360 594 3419 in
610 3358 739 3422 Graecia.
770 3359 889 3421 Pitanae
909 3363 938 3420 in
953 3361 1025 3422 Asia
1041 3370 1070 3422 et
1086 3365 1115 3422 in

105 3445 254 3505 ulteriora
270 3441 430 3523 Hispania,
451 3443 617 3504 civitatibus
638 3442 763 3505 Maxilua
781 3453 811 3504 et
829 3441 970 3522 calente,
988 3447 1058 3505 liunt
1075 3446 1115 3505 la-
