2378 3840
43 166 46 173 ·
105 158 146 219 94
454 166 483 214 c.
499 167 594 215 rursu
610 164 760 213 saeuum

105 330 289 402 spectantur,
319 329 407 398 atque
438 323 467 380 iu
493 320 641 380 lenocinio
668 318 924 379 commendationis
952 316 1038 377 dolor
1062 325 1110 376 est

65 418 243 482 leomarus,
270 423 331 464 cum
358 402 387 463 id
414 413 536 482 ageret,
561 404 731 463 exstinctae.
771 401 835 481 [42]
858 400 928 459 Sunt
956 402 1109 460 etiamnum

105 507 163 549 non
175 488 322 565 ignobiles
342 486 474 564 quidem,
492 489 521 546 in
539 495 706 546 transcursu
718 495 813 546 tamen
825 483 938 544 dicendi
956 484 1114 559 Aristocy-

106 572 170 650 des,
185 571 370 647 Anaxander,
382 569 568 631 Aristobulus
582 569 683 646 Syrus,
696 568 846 629 Arcesilas
858 567 1008 627 Tisicratis
1022 566 1109 644 filius,

30 706 40 721 .
106 654 261 716 Coroebus
277 654 443 715 Nicomachi
460 653 639 731 discipulus,
663 650 881 712 Charmantides
896 649 1132 728 Euphranoris,e

105 738 328 815 Dionysodorus
348 735 565 817 Colophonius,
588 736 792 812 Dicaeogenes
812 737 940 813 quicum
957 733 1109 793 Demetrio

106 841 179 899 rege
201 823 292 898 vixit,
312 820 520 898 Euthymidas,
542 818 712 880 Heraclides
732 817 871 895 Macedo,
892 816 984 877 Milon
1002 816 1109 876 Soleus

105 904 276 981 Pyromachi
296 908 414 966 statuari
435 904 584 983 discipuli,
607 901 784 963 hlnasitheus
807 902 977 978 Sicyonius,
1004 899 1110 961 Mnasi-

106 991 191 1047 timus
207 988 395 1049 Aristouidae
412 989 487 1049 lilius
502 996 531 1048 et
546 987 722 1063 discipulus,
737 985 849 1046 Nessus
861 984 1007 1045 Habronis
1021 983 1109 1058 iilius,

106 1070 247 1132 Polemon
273 1072 506 1148 Alexandrinus,
534 1070 706 1131 Theodorus
728 1069 840 1129 Samius
865 1078 894 1129 et
922 1068 1038 1129 Stadios
1060 1066 1144 1126 Ni-ro

106 1154 255 1214 costhenis
267 1155 419 1232 discipuli,
436 1154 541 1214 Xeuou
554 1153 674 1214 Neoclis
688 1153 846 1232 discipulus
863 1152 1025 1227 Sicyonius.
1043 1151 1109 1229 [43]

65 1247 113 1301 147
128 1238 254 1296 Pinxere
277 1246 307 1297 et
327 1238 481 1297 mulieres:
510 1237 656 1298 Timarete
677 1234 799 1296 Miconis
822 1235 879 1294 lilia
895 1235 1013 1295 Dianam
1035 1252 1110 1311 quae

106 1322 136 1379 in
163 1320 259 1380 tabula
286 1318 396 1398 Ephesi
427 1330 474 1381 est
502 1320 718 1398 antiquissimae
745 1322 893 1398 picturae,
925 1319 1011 1380 Irene
1042 1316 1110 1378 Cra·

106 1405 157 1463 tini
180 1405 301 1480 pictoris
327 1404 385 1464 lilia
411 1414 442 1465 et
468 1404 607 1482 discipula
631 1403 756 1482 puellam
782 1422 857 1482 quac
882 1411 929 1463 est
956 1402 1109 1479 Eleusine,

106 1484 235 1565 Calypso
254 1506 355 1548 senem
373 1497 403 1548 et
415 1489 670 1567 praestigiatorem
693 1486 894 1563 Theodorum,
918 1485 1110 1546 Alaistheuen
1122 1511 1144 1550 re

106 1570 293 1647 saltatorem,
309 1571 476 1633 Aristarete
488 1571 615 1633 Nearchi
628 1571 687 1632 lilia
699 1580 730 1632 ct
741 1570 882 1651 discipula
893 1569 1108 1648 Aesculapium.

106 1653 164 1713 laia
188 1651 333 1729 Cyzicena
355 1664 499 1735 perpetua
520 1658 605 1734 virgo
627 1654 717 1716 Marci
739 1655 882 1716 Varronis
907 1656 1025 1714 iuventa
1049 1652 1110 1712 ao-

106 1755 169 1798 mac
186 1745 216 1796 ct
231 1739 370 1815 penicillo
387 1741 480 1818 pinxit
496 1747 526 1799 et
541 1748 641 1800 cestro
656 1741 686 1798 in
696 1739 789 1800 ebore
805 1740 945 1815 imagines
958 1737 1110 1796 mulierum

104 1839 237 1900 maxume
253 1831 283 1882 et
296 1821 421 1901 Neapoli
438 1841 521 1884 anum
531 1824 561 1882 in
575 1823 677 1901 grandi
693 1822 806 1899 tabula,
820 1839 900 1882 suam
911 1840 1029 1900 quoque
1042 1824 1109 1881 ima-

64 1915 114 1970 148
127 1907 224 1983 ginem
248 1906 284 1967 ad
299 1907 456 1984 speculum.
503 1924 557 1966 nec
578 1906 663 1966 ullius
684 1906 817 1966 velocior
836 1907 865 1964 in
882 1907 994 1984 pictura
1011 1923 1145 1967 manusco

105 1989 177 2066 luit,
199 1991 269 2049 artis
289 2007 363 2049 vero
391 1999 499 2050 tanturn
527 1997 558 2048 ut
581 1990 698 2051 multum
719 1991 897 2068 manipretiis
919 1989 1110 2050 antecederet

106 2073 318 2133 celeberrimos
339 2081 437 2133 aetate
459 2073 613 2149 imaginum
638 2074 770 2151 pictores
797 2073 929 2151 Sopolim
955 2083 985 2134 et
1001 2073 1110 2148 Diony·

107 2157 195 2231 sium,
212 2173 333 2233 quorum
346 2156 461 2217 tabulae
477 2156 683 2235 pinacothecas
698 2158 820 2236 inplent.
866 2159 959 2235 pinxit
977 2167 1008 2218 et
1022 2175 1109 2236 quae·

107 2238 169 2298 dam
179 2238 344 2318 Olympias,
360 2240 397 2301 de
413 2258 468 2319 qua
480 2240 536 2300 hoc
548 2241 642 2302 solum
653 2250 848 2318 memoratur,
862 2241 1032 2319 discipulmn
1045 2243 1109 2300 eius

106 2323 197 2383 luisse
215 2324 403 2385 Autobulum.
1119 2343 1145 2383 ae

65 2416 114 2470 149
189 2406 269 2490 (ll.)
293 2407 440 2470 Encausto
464 2409 603 2486 pingendi
626 2409 683 2469 duo
703 2409 788 2469 fuere
809 2408 965 2483 antiquitus
986 2425 1109 2484 genera,

106 2507 174 2550 cera
190 2500 220 2551 et
234 2493 264 2550 in
280 2493 373 2552 ebore
389 2501 507 2568 cestro,
531 2492 559 2551 id
574 2501 621 2552 est
634 2491 774 2566 viriculo,
793 2489 888 2549 donec
901 2487 1011 2547 classes
1027 2491 1109 2565 pingi

106 2589 244 2652 coepere.
279 2575 336 2636 hoc
360 2578 478 2636 tertium
498 2577 625 2635 accessit
639 2572 779 2633 resolutis
794 2573 855 2648 igni
872 2572 949 2631 ceris
968 2571 1109 2650 penicillo

106 2658 222 2734 utendi,
250 2677 326 2735 quae
347 2662 459 2737 pictura
486 2658 607 2718 navibus
634 2672 689 2716 nec
709 2654 774 2715 sole
796 2672 852 2715 uec
872 2655 934 2716 sale
954 2658 1108 2734 ventisque

106 2742 308 2817 corrumpitur.
1119 2763 1145 2804 ao

66 2833 116 2884 150
190 2822 271 2900 (42.)
287 2822 412 2901 Pingunt
427 2832 457 2884 et
472 2823 565 2883 vestis
581 2822 611 2880 in
628 2819 767 2900 Aegypto
785 2824 862 2883 inter
876 2841 967 2902 pauca
983 2823 1108 2884 mirabili

105 2922 218 2980 genere
235 2905 355 2967 candida
370 2907 453 2983 vela,
468 2913 622 2985 postquam
635 2906 793 2983 attrivere,
813 2907 971 2968 inlinentes
987 2924 1045 2967 non
1060 2925 1109 2967 co-

106 2987 217 3049 loribus
243 2989 296 3049 sed
324 2989 455 3050 colorem
479 2989 668 3050 sorbentibus
694 2989 920 3051 medicamentis.
967 2991 1024 3052 hoc
1045 3010 1108 3051 cum

105 3072 223 3150 iecere,
247 3090 306 3133 non
320 3073 441 3152 adparet
457 3075 487 3134 in
503 3073 597 3150 velis,
620 3073 673 3134 sed
688 3075 717 3133 in
737 3076 878 3136 cortinam
892 3076 1032 3152 pigmenti
1050 3077 1108 3134 ler-

107 3157 201 3216 ventis
222 3175 318 3218 mersa
332 3165 400 3237 post
416 3165 591 3219 momentum
608 3158 798 3218 extrahuntur
813 3160 900 3236 picta.-
936 3161 1107 3237 mirumque,
1117 3175 1143 3217 ee

106 3258 170 3301 cum
181 3242 220 3300 sit
234 3260 306 3303 unns
324 3244 354 3302 in
370 3244 483 3304 cortina
499 3241 600 3319 colos,
620 3260 658 3302 ex
672 3241 724 3302 illo
739 3241 812 3302 alius
829 3238 917 3320 atque
933 3243 1006 3302 alius
1027 3242 1060 3302 tit
1078 3242 1108 3300 in

107 3333 191 3385 veste
209 3327 379 3405 accipientia
394 3327 595 3389 medicamenti
614 3325 752 3405 qualitate
767 3333 909 3403 mutatus,
933 3344 989 3386 nec
1002 3332 1108 3404 postea

99 3407 182 3465 ablui
193 3418 318 3487 potest,
345 3412 385 3471 ita
399 3415 511 3473 cortina
524 3427 582 3470 non
597 3410 685 3471 dubie
700 3409 854 3470 confusura
869 3409 988 3469 colores
996 3452 1007 3487 ,
1025 3410 1049 3468 si
1066 3409 1109 3486 pi-
