2378 3840
100 189 159 251 156
450 203 480 252 c.
497 202 593 249 runo
609 201 759 250 securior

97 375 171 435 rege
194 355 356 434 babylonio
376 358 487 416 muneri
510 357 626 417 missum
649 352 828 432 zmaragdum
850 352 906 414 llll
934 353 1105 417 cubitorum

97 440 279 518 longitudine
301 457 333 499 ac
352 439 436 497 trium
457 439 625 518 latitudine,
650 447 681 500 et
696 440 788 500 inisse
804 437 879 516 apud
898 455 951 499 eos
968 439 998 498 in
1018 438 1104 501 lovis
1152 515 1155 519 ⁴

97 523 219 585 delubro
234 524 395 585 obeliscum
408 542 424 584 e
436 523 491 584 llll
502 520 660 601 zmaragdis
673 521 722 582 xt
733 522 894 583 cubitorum
904 521 1104 602 longitudine,

54 617 88 672 75
100 607 251 669 latitudine
266 626 339 669 vero
355 609 384 668 in
400 617 484 686 parte
500 616 645 686 quattuor,
662 609 690 666 iu
706 615 789 685 parte
805 606 935 683 duorum,
953 623 987 665 se
1003 615 1105 668 autem

97 691 246 752 scribente
272 711 340 753 esse
367 693 395 751 in
417 691 495 769 Tyro
521 689 655 751 herculis
682 690 791 768 templo
813 689 910 750 stelen
935 689 1059 767 amplam
1084 710 1126 754 ea

98 775 270 853 zmaragdo,
297 776 353 835 nisi
382 777 480 854 potius
504 773 787 854 pseudosmaragdus
816 775 872 850 sit,
900 790 964 833 nam
990 781 1021 832 et
1044 774 1105 836 hoo

98 876 191 934 genus
212 860 338 936 reperiri
360 868 390 918 et
407 861 437 918 in
454 857 551 937 Cypro
568 860 715 918 inventum
734 875 773 917 ex
788 856 902 917 dimidia
923 864 1008 934 parte
1024 875 1105 920 zma-

97 942 228 1018 ragdum,
244 961 282 1002 ex
296 941 411 1002 dimidia
428 943 580 1022 iaspidem,
592 941 716 1001 nondum
734 958 835 1000 umore
851 941 881 1000 iu
896 948 988 1000 totum
1007 948 1105 1002 trans-

99 1023 232 1101 figurato.
267 1026 367 1103 Apion
383 1028 604 1103 cognominatus
623 1024 802 1085 Plistonices
825 1023 912 1102 paulo
928 1032 996 1084 ante
1025 1027 1102 1086 scri-

98 1116 176 1185 ptum
191 1109 310 1186 reliquit
326 1128 394 1169 esse
409 1111 570 1169 etiamnunc
585 1111 614 1169 in
630 1107 794 1185 labyrintho
808 1106 938 1186 Aegypti
951 1106 1104 1170 colossum
1114 1126 1140 1167 ru

97 1189 216 1268 Serapis
234 1211 251 1251 a
267 1192 420 1268 zmaragdo
438 1211 543 1252 novem
561 1193 733 1251 cubitorum.

55 1281 89 1337 to
161 1275 243 1352 (20.)
266 1273 394 1333 Eandem
416 1275 513 1334 multis
529 1283 657 1333 naturam
676 1281 724 1332 aut
745 1281 827 1332 certe
849 1273 972 1334 similem
987 1273 1104 1336 habere

98 1355 204 1416 berulli
222 1357 364 1416 videntur.
401 1357 481 1417 lndia
499 1375 553 1417 eos
569 1358 665 1434 gignit
685 1374 751 1416 raro
768 1356 837 1416 alibi
850 1364 1005 1435 repertos.
1046 1376 1103 1436 po-

97 1439 205 1499 liuntur
224 1458 324 1501 omnes
343 1441 503 1518 sexangula
525 1442 615 1519 figura
634 1440 773 1501 artificum
795 1441 938 1517 ingeniis,
962 1443 1103 1519 quoniam

97 1523 190 1582 hebes
212 1526 320 1584 unitate
340 1524 426 1584 surda
448 1525 532 1585 color
553 1542 729 1603 repercussu
752 1525 1140 1601 angulorumexcitetur.1e

98 1606 183 1667 aliter
204 1609 287 1685 politi
311 1625 369 1668 non
390 1608 498 1668 habent
518 1608 672 1684 fulgorem.
705 1607 901 1685 probatissimi
921 1626 959 1667 ex
980 1608 1016 1666 iis
1032 1618 1103 1669 sunt

98 1692 146 1768 qui
166 1691 340 1751 viriditatem
358 1694 444 1751 muris
466 1693 530 1770 puri
552 1694 714 1766 imitantur,
735 1692 867 1769 proxumi
889 1692 938 1769 qui
957 1701 1103 1753 vocantur
1188 1708 1189 1727 ¹

98 1773 312 1850 chrysoberulli
329 1775 427 1854 paullo
443 1775 612 1853 pallidiores
632 1774 685 1835 sed
703 1775 732 1834 iu
749 1790 867 1833 aureum
881 1774 1013 1834 colorem
1028 1793 1101 1836 exe·

56 1861 88 1919 tr
103 1865 171 1916 unte
192 1857 318 1935 fulgore.
350 1860 473 1918 vicinum
490 1877 584 1936 genus
598 1857 664 1917 huic
680 1865 726 1917 est
744 1857 796 1917 sed
810 1857 944 1935 pallidius
961 1866 991 1917 et
1005 1876 1022 1917 a
1037 1861 1101 1936 qui·
1145 1932 1148 1937 Ι

98 1940 217 2000 busdam
248 1943 360 2020 proprii
389 1944 508 2019 generis
538 1943 730 2000 existimatum
762 1949 952 2019 vocatumque
980 1940 1139 2018 chryso-2⁰

98 2041 223 2101 prosum.
262 2033 366 2103 quarto
392 2025 459 2084 loco
487 2032 672 2083 numerantur
697 2023 967 2102 hyacinthinontes,
997 2027 1101 2103 quinto

99 2124 173 2183 quoa
188 2108 316 2167 aeroidis
330 2116 453 2184 vocant,
477 2114 582 2185 postea
598 2107 688 2166 cerini
704 2124 737 2166 ac
752 2106 856 2168 deinde
874 2108 1019 2185 oleagini,
1043 2108 1102 2170 hoc

100 2197 146 2248 est
161 2189 264 2250 colore
281 2189 357 2268 olei,
381 2193 520 2269 postremi
538 2191 677 2268 crystallo
696 2190 818 2250 similes.
852 2190 881 2250 hi
902 2192 966 2252 iere
982 2192 1101 2270 capilla-

98 2281 194 2332 menta
218 2271 326 2334 habent
348 2268 519 2353 sordisque,
541 2274 649 2352 alioqui
672 2274 802 2350 evanidi,
826 2284 986 2352 quaesunt
1007 2278 1103 2336 omnia

55 2356 176 2419 letitia.
220 2357 282 2417 ludi
299 2360 370 2419 mire
391 2359 518 2436 gaudent
541 2359 723 2436 longitudine
744 2375 844 2416 eorum
861 2357 1003 2435 solosque
1020 2371 1139 2434 gem-as

98 2458 207 2499 marum
230 2461 298 2502 assa
320 2441 487 2520 praedicant
508 2443 556 2519 qui
577 2460 679 2502 carcre
700 2456 770 2499 auro
792 2437 906 2512 malint,
929 2439 967 2497 ob
986 2441 1016 2499 id
1032 2459 1103 2519 per·

97 2524 211 2584 iuratos
229 2524 448 2604 elephantorum
469 2528 560 2586 saetis
579 2524 735 2599 subligant.
773 2521 909 2578 convenit
931 2538 989 2579 non
1011 2540 1104 2601 opor.

99 2615 163 2667 tere
187 2610 331 2687 perforari
353 2627 474 2687 quorum
499 2611 536 2668 sit
562 2605 695 2667 absoluta
715 2604 850 2679 bonitas,
872 2603 1015 2664 umbilicis
1038 2615 1103 2670 tan·

99 2698 157 2750 tum
179 2710 217 2751 ex
241 2710 311 2752 auro
333 2694 428 2770 cupita
451 2687 765 2769 conprehendentibus.
802 2686 870 2746 ideo
889 2687 1037 2764 cylindros
1062 2711 1103 2753 ex

99 2774 135 2831 iis
155 2774 263 2834 malunt
286 2776 385 2834 faeere
410 2793 493 2853 quam
514 2789 658 2850 gemmas,
682 2772 817 2848 quoniam
839 2779 886 2831 est
900 2789 1008 2833 summa
1023 2789 1139 2835 com-ao

56 2864 90 2919 to
99 2855 245 2916 mendatio
266 2860 296 2916 in
311 2857 500 2934 longitudine.
536 2854 648 2932 quidam
666 2862 699 2914 et·
712 2854 870 2931 angulosos
886 2857 981 2915 statim
998 2861 1103 2934 putant

98 2939 177 2997 nasci
197 2947 226 2998 et
243 2940 410 3017 periuratos
425 2941 572 3017 gratiores
588 2939 651 2997 heri
669 2938 793 2998 medulla
809 2937 942 2998 candoris
963 2950 1101 3019 exempta

99 3021 255 3100 additoque
273 3023 334 3081 auri
351 3041 527 3101 repercussu
549 3031 596 3082 aut
618 3022 733 3081 omnino
754 3029 879 3081 castrata
903 3024 1099 3101 perspicuita-

99 3109 136 3166 tis
162 3105 359 3167 crassitndine.
394 3107 464 3166 vitia
485 3114 603 3186 praeter
629 3105 704 3165 dicta
725 3106 779 3166 iam
803 3103 904 3165 eadem
931 3106 995 3166 iere
1024 3125 1100 3185 quae

98 3191 127 3250 in
150 3190 310 3268 zmaragdis
334 3199 364 3251 et
386 3193 531 3269 pterygia.
568 3192 597 3249 in
622 3198 724 3249 nostro
748 3188 821 3248 orbe
847 3188 1001 3267 aliquando
1021 3191 1138 3252 circam

98 3274 221 3334 Pontum
251 3276 374 3335 inveniri
403 3283 546 3354 putantur.
592 3272 653 3333 ludi
681 3281 711 3333 et
736 3272 806 3332 alias
831 3272 945 3350 quidem
970 3291 1100 3350 gemmas

99 3358 266 3433 crystallum
289 3359 447 3437 tinguendo
466 3358 629 3419 adulterare
655 3358 845 3433 invenerunt,
872 3356 925 3416 sed
941 3356 1102 3434 praecipue

91 3441 236 3503 heruldus.
