2378 3840
120 187 158 248 16
429 245 431 249 ,
462 197 492 246 c.
509 199 606 247 emur
624 198 773 246 succum

118 353 236 428 sconio,
257 351 314 410 boc
338 359 383 410 est
403 360 481 410 terra
497 353 561 413 alba
576 353 676 413 similis
693 352 821 428 argillae.
855 367 950 428 neque
966 351 1041 409 enim
1057 351 1112 408 alia

74 444 110 501 70
121 434 215 493 ilatum
230 436 383 511 ignemque
399 443 428 494 et
445 435 593 496 ardentem
607 437 753 496 materiam
775 435 889 495 tolerat.
922 431 1019 492 Tertia
1034 434 1110 492 ratio

120 536 210 595 opera
235 519 338 576 vicerit
358 516 517 595 Gigantum.
562 519 700 579 cuniculis
720 536 774 596 per
797 534 898 593 magna
920 517 1012 594 spatia
1038 519 1110 575 actis

118 608 253 679 cavantur
270 609 383 660 montes
400 601 580 662 lucernarum
600 602 634 661 ad
652 602 765 660 lumina.
803 599 903 661 eadem
920 616 1055 658 mensura
1072 600 1111 657 vi·

117 683 248 761 gillarum
272 691 334 758 est,
358 685 512 762 multisque
535 685 682 745 mensibus
697 701 755 743 non
775 685 903 744 cernitur
919 682 993 742 dies.
1031 679 1131 741 arro-⁵
1173 760 1175 762 Ι

115 769 180 843 glas
196 766 224 824 id
238 785 330 843 genus
348 776 468 844 vocant,
490 769 642 846 siduntque
664 769 753 827 rimae
776 766 872 825 subito
897 774 926 826 el
947 766 1111 842 opprimunt

119 858 273 926 operatos,
290 858 321 908 ut
336 852 391 909 iam
406 853 498 911 minus
515 852 698 910 temerarium
712 850 844 909 videatur
860 868 877 908 e
893 848 1036 927 prolundc
1053 865 1111 905 ma-

117 934 157 991 ris
174 941 277 1010 petere
293 936 461 1010 margaritas
484 944 570 1013 atque
585 952 737 1013 purpuras.
767 941 846 993 tauto
864 933 1050 992 nocentiores
1068 931 1082 988 i
1101 964 1110 974 ·

117 1017 206 1073 cimus
229 1016 337 1076 terras!
370 1016 571 1095 relinquuntur
586 1020 682 1095 itaque
697 1018 826 1076 fornices
842 1016 938 1075 crebri
964 1013 1109 1072 montibus

75 1108 107 1165 71
121 1099 306 1161 sustinendis.
343 1111 495 1160 occursant
517 1102 687 1178 inutraque
704 1118 814 1176 genere
837 1098 946 1158 silices.
973 1096 1027 1156 hos
1041 1098 1110 1173 igne
1121 1095 1145 1134 1⁰

118 1190 147 1240 et
164 1191 248 1240 aceto
275 1191 425 1259 rumpunt,
451 1186 567 1261 saepius
588 1200 678 1258 vero,
699 1183 832 1260 quoniam
852 1182 881 1240 id
901 1179 1048 1240 cuniculos
1063 1198 1111 1239 va·

117 1279 190 1340 pore
213 1272 242 1322 et
265 1266 342 1323 frumo
365 1265 543 1342 strangulat,
568 1265 689 1324 caedunt
706 1265 849 1324 fractariis
868 1262 913 1323 GL
933 1263 1021 1324 libras
1040 1263 1109 1322 ferri

116 1344 306 1422 habentibus,
323 1354 504 1425 egeruntque
521 1349 628 1408 umeris
644 1348 776 1407 noctibus
793 1364 826 1406 ac
843 1348 947 1407 diebus
962 1366 1015 1426 per
1030 1355 1111 1406 lene·

117 1428 184 1487 bras
201 1432 349 1507 proxumis
367 1431 534 1508 tradentes,
556 1431 650 1491 lucem
671 1431 821 1490 novissimi
838 1439 969 1492 cernunt.
1008 1432 1032 1489 si
1049 1429 1109 1488 lon·

116 1513 183 1588 glor
199 1513 313 1572 videtur
329 1513 426 1589 silex,
453 1515 529 1574 lalus
553 1516 685 1593 sequitur
708 1516 807 1574 fossor
828 1514 993 1593 ambitque,
1019 1522 1049 1572 et
1070 1511 1143 1570 ta·¹5

74 1603 108 1660 ⁷2
120 1612 184 1654 meu
201 1597 229 1654 in
246 1596 328 1656 silice
348 1597 461 1657 facilior
477 1599 659 1658 existimatur
682 1615 780 1676 opera.
819 1606 866 1658 est
887 1615 1007 1674 namque
1031 1605 1110 1656 terra

117 1695 155 1737 eu
167 1678 288 1756 quodam
301 1681 420 1758 argillae
436 1700 548 1758 genere
560 1682 660 1759 glarea
671 1682 759 1740 mixta
772 1715 807 1724 -
822 1681 990 1758 gangadiam
1006 1687 1110 1738 vocant

115 1780 260 1841 -prope
276 1765 516 1842 inexpugnabilis.
541 1766 640 1825 cuneis
659 1781 721 1832 eam
736 1762 842 1821 ferreis
859 1762 1065 1839 adgrediuntur
1080 1769 1110 1820 et

116 1844 216 1905 iisdem
234 1847 357 1923 malleis,
374 1847 501 1924 nihilque
520 1847 617 1907 durius
634 1853 745 1923 putant,
760 1845 815 1903 nisi
831 1845 908 1922 quod
922 1847 997 1905 inter
1016 1845 1110 1904 omnia

116 1931 176 1987 auri
192 1932 287 1989 'fames
309 1931 458 1989 durissima
478 1937 532 1989 est.
571 1936 692 2011 peracto
709 1943 801 2004 opere
823 1928 954 1985 cervices
970 1929 1110 1986 fornicum
1120 1947 1144 1986 aa

116 2011 151 2070 ab
173 2012 272 2070 ultimo
289 2010 402 2071 cadunt.
435 2011 482 2069 dat
498 2012 610 2086 signum
630 2011 728 2084 ruina,
750 2026 870 2086 eamque
892 2009 972 2068 solus
996 2010 1111 2069 intelle-

74 2101 109 2158 73
119 2097 162 2168 git
184 2095 212 2150 in
234 2093 379 2151 cacumine
402 2095 465 2152 elus
484 2093 591 2151 montis
619 2091 700 2168 vigil.
733 2090 779 2168 hic
797 2108 889 2167 uoce,
907 2100 976 2151 nutu
993 2095 1110 2151 evocari

115 2175 196 2234 iubet
212 2192 317 2252 operas
333 2176 499 2253 pariterque
519 2175 582 2252 ipse
599 2174 726 2234 devolat.
762 2192 843 2234 mons
860 2174 967 2234 fractus
984 2174 1058 2234 cadit
1074 2177 1109 2235 ab

116 2276 185 2317 sese
207 2257 295 2334 longe
315 2259 434 2336 fragore
462 2259 510 2336 qui
532 2259 645 2337 concipi
669 2257 789 2319 humana
808 2266 904 2318 mente
926 2275 983 2317 nou
1004 2261 1108 2336 possit,

116 2359 190 2418 eque
218 2340 318 2401 efflatu
347 2342 507 2402 incredibili
536 2351 668 2421 spectant
693 2343 821 2402 victores
848 2345 956 2401 ruinam
981 2350 1145 2402 naturaeas

116 2443 170 2484 uec
186 2433 279 2485 tamen
294 2425 384 2486 adhuc
402 2445 500 2486 aurum
517 2435 580 2503 est,
601 2445 656 2486 nec
670 2428 767 2485 sciere
782 2445 868 2502 esse,
885 2444 948 2484 curn
963 2426 1108 2500 foderent,

116 2515 250 2587 tantaque
272 2509 307 2568 ad
327 2510 456 2587 pericula
478 2519 508 2570 et
531 2510 666 2587 inpendia
694 2510 764 2567 satis
785 2515 889 2568 causae
914 2510 966 2568 luit
988 2525 1108 2586 sperare

72 2598 108 2656 74
120 2592 196 2670 quod
211 2602 362 2670 cuperent.
400 2593 471 2652 alius
490 2611 542 2671 par
561 2593 646 2651 labor
663 2609 696 2651 ao
716 2591 765 2650 vel
777 2591 895 2651 maioris
908 2591 1041 2669 inpendi;
1059 2591 1109 2650 llu-

115 2676 188 2733 mina
205 2675 240 2733 ad
255 2675 402 2735 lavandam
417 2676 489 2735 hanc
505 2677 613 2734 ruinam
635 2674 709 2750 iugis
730 2675 865 2733 montium
887 2675 983 2736 obiter
998 2675 1108 2734 duxere
1143 2736 1145 2741 ,

115 2776 130 2816 a
146 2759 305 2816 centesimo
321 2758 489 2835 plerumque
505 2756 600 2834 lapide
621 2790 663 2801 -
682 2775 824 2835 corrugos
843 2767 964 2835 vocant,
981 2777 997 2818 a
1016 2759 1144 2818 couri-ao

115 2841 232 2898 vatione
248 2840 336 2899 credo
352 2872 403 2900 —-.
419 2840 497 2899 mille
515 2848 545 2898 et
561 2839 608 2899 bic
625 2840 759 2900 labores:
777 2859 919 2921 praeceps
940 2860 1008 2902 esse
1023 2841 1110 2901 libra-

115 2930 239 2981 mentum
256 2930 392 2999 oportet,
410 2931 440 2981 ut
455 2932 518 2982 ruat
536 2924 733 3001 veriusquam
748 2923 831 3002 lluat,
849 2927 945 3004 itaque
962 2926 1107 2985 altissimis

115 3005 243 3084 partibus
258 3005 379 3066 ducitur.
405 3006 551 3066 convalles
565 3015 595 3066 et
610 3007 761 3068 intervalla
777 3009 948 3070 substructis
961 3008 1106 3069 canalibus

115 3091 278 3166 iunguntur.
315 3089 382 3149 alibi
399 3106 486 3166 rupes
505 3090 599 3150 inviae
623 3090 780 3151 caeduntur
801 3091 957 3171 sedemque
978 3091 1107 3153 trabibus

116 3173 222 3232 cavatis
245 3172 388 3249 praebere
411 3182 562 3249 coguntur.
602 3175 650 3252 qui
675 3176 768 3235 caedit
788 3176 902 3235 funibus
929 3175 1053 3254 pendet,
1077 3181 1107 3234 ut
1117 3190 1141 3231 aa

116 3254 216 3333 procul
243 3258 364 3316 intuenti
385 3257 501 3334 species
524 3275 561 3316 ue
583 3259 707 3318 ferarum
728 3259 842 3337 quidem
862 3259 915 3319 sed
935 3259 1032 3319 alitum
1047 3259 1105 3318 liat.

73 3347 105 3402 75
118 3339 280 3416 pendentes
296 3342 405 3400 maiore
424 3358 462 3399 ex
483 3348 565 3417 parte
592 3341 697 3401 librant
717 3351 747 3403 et
770 3343 853 3402 linias
877 3343 971 3410 itineri
986 3341 1108 3420 praedu-

116 3431 193 3499 cunt,
204 3439 318 3500 quaque
331 3424 490 3483 insistentis
504 3424 636 3501 vestigiis
649 3424 771 3485 hominis
784 3425 866 3485 locus
879 3442 935 3485 non
949 3433 994 3485 est
1008 3443 1107 3486 amnes
