2378 3840
112 190 131 243 6
450 201 479 249 C.
500 203 596 249 PLINI
619 202 768 251 unctium

114 374 175 415 rum
192 355 420 433 templorumque
437 357 600 416 tantundem
616 376 671 418 nec
686 356 806 434 amplius
822 357 931 431 luisse,
954 355 1031 431 qnod
1046 359 1108 432 qni-

113 439 176 498 dem
204 441 232 498 in
259 440 379 515 augurio
405 439 584 499 intellectum
609 450 671 518 est,
699 458 762 499 cnm
787 437 967 516 Capitolinus
992 437 1107 516 duplum

112 523 295 583 reddidisset.
329 521 397 582 illud
414 541 530 601 quoque
547 524 643 584 obiter
663 524 781 584 indicari
798 523 935 582 convenit
949 555 992 565 —
1007 530 1036 579 et
1053 523 1106 580 iam

111 606 147 664 de
164 606 255 665 anulis
272 622 435 666 sermonem
450 608 639 685 repetivimus
650 640 703 684 —-,
717 605 862 666 aedituum
877 604 1026 664 custodiae
1043 608 1106 664 eius

112 690 341 767 conprehensum
357 689 446 749 lracta
459 691 488 748 iu
504 707 557 749 ore
570 691 645 750 anuli
662 707 773 769 gemma
786 689 880 748 statim
896 689 1064 765 exspirasse
1077 698 1128 749 ets

71 783 103 836 16
115 772 247 831 indicium
260 773 298 831 ita
311 774 491 832 exstinctum.
517 791 590 850 ergo
604 783 633 832 ut
644 790 774 834 maxume
786 790 866 832 0000
878 779 985 830 tantum
999 772 1106 848 pondo,

111 874 173 914 cum
190 864 272 932 capta
290 864 336 914 est
348 855 457 932 Roma,
481 874 555 916 auno
572 855 760 917 CCCthlll.
783 856 884 930 luere,
904 872 967 913 cnm
989 856 1043 912 iam
1062 873 1106 913 ea-

112 941 200 1016 pitum
216 939 476 1000 liberorumcensa
492 949 592 1000 essent
607 939 680 1000 Chll
695 939 771 998 milia
784 936 939 997 DLXXlll.
961 939 989 995 iu
1007 938 1106 997 eadem

112 1031 179 1099 post
195 1040 285 1082 annos
302 1021 447 1098 CCCVll,
471 1024 547 1102 quod
565 1042 603 1084 ex
618 1023 799 1102 Capitolinae
815 1023 894 1081 aedis
909 1021 1043 1080 incendio
1060 1039 1107 1080 ce-

111 1107 241 1182 terisque
266 1107 396 1165 omnibus
419 1106 549 1166 delubris
571 1105 602 1166 C.
618 1106 726 1167 Marius
752 1106 827 1165 lilius
843 1105 1003 1165 Praeneste
1027 1104 1139 1163 deta-m

111 1188 202 1264 lerat,
220 1191 302 1255 XII—11
315 1189 431 1266 pondo,
454 1208 528 1268 quae
553 1191 606 1249 sub
630 1209 666 1250 eo
682 1189 766 1248 titulo
782 1191 810 1247 in
828 1188 969 1265 triumpho
985 1195 1106 1246 transtu·

112 1270 145 1329 lit
162 1269 241 1329 Sulla
257 1281 287 1330 et
305 1275 418 1348 argenti
434 1275 480 1338 v’n.
511 1271 587 1331 idem
602 1292 640 1332 ex
655 1273 766 1350 reliqua
781 1272 856 1331 omni
873 1272 995 1329 victoria
1012 1269 1104 1347 pridie

111 1353 297 1414 transtulerat
315 1357 375 1414 auri
395 1356 492 1433 pondo
507 1359 575 1432 x‘si,
590 1359 702 1433 argenti
717 1354 814 1433 pondo
829 1357 912 1421 ffi

72 1447 101 1502 17
178 1438 238 1515 (6.)
256 1437 450 1516 Frequentior
465 1448 559 1500 antem
574 1458 642 1499 usus
658 1439 805 1499 anulorum
822 1455 880 1498 nou
895 1447 961 1497 aute
975 1435 1025 1497 Cn.
1042 1436 1105 1495 Fla·

112 1522 187 1580 rium
200 1521 273 1581 Anci
285 1522 372 1582 hlium
387 1522 623 1601 deprehenditur.
646 1524 692 1583 hic
704 1539 824 1600 namque
836 1521 990 1599 publicatis
1002 1520 1105 1579 diebus
1118 1537 1140 1575 n

110 1605 192 1664 lastis
206 1623 279 1683 quos
291 1606 415 1685 populus
429 1625 444 1667 a
460 1610 558 1687 paucis
574 1609 734 1687 principum
746 1606 854 1665 cotidie
869 1604 989 1682 petebat
1001 1611 1106 1662 tantam

110 1690 231 1764 gratiam
247 1690 346 1767 plebei
370 1691 490 1770 adeptus
509 1702 570 1769 est,
588 1690 783 1750 —libertino
799 1696 882 1766 patre
900 1688 1007 1765 alioqui
1024 1688 1105 1763 geni·

112 1780 157 1830 tus
179 1782 209 1832 et
229 1775 292 1851 ipse
310 1776 406 1835 scriba
422 1776 499 1853 Appi
516 1774 619 1852 Caeci,
643 1776 723 1833 cuius
739 1771 855 1830 hortatu
874 1779 1031 1846 exceperat
1052 1788 1105 1828 eos

111 1855 175 1933 dies,
190 1858 379 1918 consultando
397 1859 515 1917 adsidue
533 1860 629 1935 sagaci
643 1855 762 1932 ingenio
780 1851 1046 1929 promulgaratque,
1063 1887 1105 1898 —

113 1948 144 1997 ut
160 1941 262 1999 aedilis
279 1941 385 1999 curulis
402 1949 552 1999 crearetur
570 1958 632 1998 cum
651 1937 684 2008 Q.
700 1936 805 1996 haicio
821 1935 1029 2010 Praenestino,
1057 1938 1104 2012 qui
1115 1953 1141 1994 aa

110 2025 209 2097 paucis
233 2031 298 2080 ante
321 2024 401 2079 annis
417 2020 510 2079 hostis
530 2022 652 2096 inisset,
675 2019 843 2097 praeteritis
866 2015 898 2076 C.
916 2017 1051 2075 Poetelio
1076 2029 1105 2078 et

69 2102 238 2166 lttDomitio
254 2121 373 2179 quorum
394 2110 493 2180 patres
509 2103 645 2163 eonsules
661 2102 784 2162 luerunt.
816 2099 938 2160 additum
957 2099 1058 2159 Flavio
1075 2110 1106 2160 ut

110 2184 243 2244 simulet
267 2185 397 2245 tribunus
420 2185 518 2263 plebei
540 2195 638 2264 esset,
667 2202 724 2264 quo
749 2186 826 2244 iacto
846 2191 923 2242 tanta
946 2182 1104 2260 indignatio

110 2269 219 2326 exarsit
242 2275 271 2325 ut
297 2269 426 2329 anulos
450 2270 623 2330 abiectos
653 2271 682 2330 in
708 2269 913 2346 antiquissimis
941 2269 1105 2345 reperiatur

109 2350 265 2410 annalibus.
299 2352 372 2411 fallit
388 2353 547 2432 plerosque
565 2354 641 2431 quod
661 2363 718 2413 tum
742 2360 772 2412 et
788 2360 955 2429 equestrem
976 2351 1103 2410 ordinem
1115 2370 1138 2408 as

110 2435 136 2494 id
152 2435 260 2494 iecisse
278 2437 461 2497 arbitrantur.
500 2441 619 2497 atenim
642 2437 783 2496 adiectum
806 2434 862 2493 hoc
883 2452 1016 2513 quoque:
1040 2435 1104 2493 sed

110 2528 145 2578 et
160 2519 333 2596 phaleras
350 2523 702 2600 positas,propterqne
716 2535 820 2576 nomeu
828 2520 955 2595 equitum
964 2517 1104 2576 adiectum

109 2611 171 2676 est,
193 2602 295 2662 anulos
311 2621 427 2681 quoqne
442 2605 595 2682 depositos
611 2621 626 2661 a
642 2601 795 2661 nobilitate
812 2601 840 2659 in
856 2600 964 2660 annalis
982 2601 1103 2660 relatum

67 2696 100 2748 19
112 2694 168 2759 est,
184 2703 241 2744 non
258 2705 272 2744 a
289 2695 391 2746 senatu
407 2689 552 2746 universo.
578 2686 634 2745 hoc
653 2694 745 2744 actum
761 2683 791 2742 P.
805 2683 977 2761 Sempronio
993 2684 1024 2744 Ρ.
1041 2683 1103 2743 Sul·

109 2770 185 2844 picio
202 2769 378 2827 oonsulibus.
402 2769 517 2829 Flavius
529 2771 611 2828 vovit
627 2768 727 2829 aedem
744 2766 937 2844 Concordiae,
954 2770 977 2826 si
994 2767 1139 2846 populoso

108 2850 330 2909 reconciliasset
347 2851 472 2910 ordines.
489 2862 595 2912 etcum
612 2852 646 2911 ad
664 2852 691 2911 id
708 2851 829 2929 pecunia
846 2850 962 2927 publice
981 2869 1038 2910 non
1055 2851 1104 2912 de·

108 2941 295 3007 cerneretur,
326 2952 363 2992 ex
383 2933 539 2994 multaticia
560 2935 792 2996 faeneratoribus
809 2934 1005 2993 condemnatis
1027 2935 1104 2994 aedi·

109 3014 200 3074 culam
215 3033 331 3075 aeream
346 3017 415 3075 iecit
432 3019 460 3075 in
474 3017 670 3095 Graecostasi,
686 3037 759 3095 quae
775 3027 841 3076 tunc
857 3035 944 3095 supra
959 3021 1104 3078 comitium

109 3109 182 3176 erat,
195 3100 351 3177 inciditque
368 3101 397 3158 in
411 3101 517 3160 tabella
534 3119 620 3162 aerea
635 3104 736 3162 iactam
749 3120 810 3160 eam
826 3100 925 3160 aedem
940 3099 1044 3161 CCllll
1057 3120 1103 3161 an·

63 3195 100 3247 20
111 3186 154 3242 nis
171 3192 239 3261 post
255 3182 444 3262 Capitolinam
460 3184 629 3245 dedicatam.
655 3189 695 3245 ita
708 3182 942 3244 CCCCXLVllll
959 3203 974 3243 a
989 3186 1103 3244 condita
1113 3209 1138 3246 as

109 3268 180 3326 urire
198 3258 314 3344 gestum
329 3275 375 3326 est
391 3275 420 3326 et
437 3270 556 3346 primum
575 3269 723 3329 anulorum
739 3270 895 3344 vestigium
912 3278 1023 3346 exstat,
1038 3286 1104 3345 pro·

108 3353 207 3410 miscui
234 3359 328 3410 autem
353 3369 420 3408 usus
447 3351 567 3410 alterum
594 3352 722 3412 secundo
749 3353 858 3414 Punico
885 3351 982 3428 bello,
1008 3371 1103 3430 neque

107 3436 183 3493 euim
199 3434 284 3493 aliter
300 3435 465 3512 potuissent
481 3435 613 3496 trimodia
627 3436 776 3496 anulorum
790 3435 839 3495 illa
852 3434 1054 3513 Carthaginem
1068 3436 1103 3494 ab
