2378 3840
138 163 198 225 160
476 174 505 222 c.
528 173 624 221 eumr
646 171 796 221 suuuuor

138 330 220 390 caelo
236 327 399 404 flammeos,
416 336 516 387 contra
531 326 629 387 radios
648 326 720 386 solis
735 326 910 402 scintillare,
926 345 1009 388 ceras
1023 329 1139 404 signan-

95 424 129 479 96
140 413 216 473 tibus
235 411 281 471 his
295 411 482 489 liquescere,
508 413 637 489 quamvis
656 412 685 468 in
701 428 803 488 opaco.
833 407 915 469 mutu
934 409 1049 471 lndicos
1068 409 1138 471 Gar·

138 495 288 557 chedoniis
304 494 486 555 candidiores
504 513 572 553 esse
588 503 618 554 et
632 513 649 554 e
664 493 782 553 diverso
800 492 986 554 inclinatione
1002 493 1137 556 hebetari

137 583 303 658 scripsere,
328 579 482 638 etiamnum
506 579 535 636 in
551 575 759 638 Carchedoniis
785 576 910 636 maribus
929 577 1045 638 stellam
1060 579 1138 638 intus

137 663 259 737 ardere,
280 662 401 721 feminas
416 661 560 738 fulgorem
577 662 742 721 uniuersum
757 659 879 721 fundere
895 668 977 721 extra
993 680 1046 737 se,
1068 662 1159 727 Ala-s

136 746 275 806 bandicos
298 746 444 822 nigriores
463 746 571 805 ceteris
595 763 662 804 esse
679 742 868 821 scabrosque.
908 742 946 804 Et
961 745 1039 805 circa
1053 743 1137 807 lllile·

136 838 195 888 tum
217 837 373 888 nascuntur
393 829 515 888 interra
535 827 645 887 coloris
662 826 792 887 eiusdem
816 829 912 904 ignem
930 829 1054 887 minume
1071 848 1138 888 sen·

93 923 126 978 97
138 914 254 972 tientes.
285 910 502 990 Theophrastus
520 919 683 971 auctorest
701 919 730 970 et
745 911 775 969 in
793 909 975 971 Orchomeno
992 912 1137 972 Arcadiae

136 996 259 1056 inveniri
279 1003 309 1054 et
325 996 355 1055 iu
374 992 458 1070 Chio,
474 993 542 1055 illos
558 995 704 1071 nigriores
721 1012 738 1053 e
755 994 860 1072 quibus
878 1002 908 1053 et
923 994 1043 1073 specula
1061 995 1135 1055 fieri.

136 1098 204 1140 esse
228 1088 258 1140 et
282 1076 465 1139 Troezenios
486 1079 585 1138 varios
615 1078 878 1144 intervenientibus
904 1078 1022 1137 maculis
1049 1078 1137 1157 albis,
1148 1105 1172 1146 no

134 1166 204 1222 item
224 1161 408 1237 Corinthios,
427 1161 480 1221 sed
503 1161 673 1240 pallidiores
689 1160 827 1237 candido,
845 1160 1004 1221 aliassilia
1018 1180 1135 1240 quoque

134 1247 285 1324 inportari.
322 1242 454 1304 Bocchus
478 1252 508 1303 et
533 1246 562 1302 in
584 1243 782 1321 Olisiponensi
804 1246 866 1304 erui
889 1246 1006 1323 scripsit
1029 1262 1135 1321 magno

135 1328 237 1388 labore
253 1328 290 1387 ob
303 1326 434 1404 argillam
446 1326 503 1387 soli
518 1327 621 1387 adusti.

92 1421 127 1476 90
199 1408 280 1493 (26.)
310 1410 374 1472 Nec
399 1420 445 1471 est
476 1410 553 1471 aliud
578 1410 725 1471 difficilius
751 1428 834 1488 quam
863 1410 1032 1472 discernere
1062 1410 1135 1472 haec

134 1513 261 1572 genera,
283 1503 361 1555 tanta
379 1503 424 1555 est
442 1497 471 1554 in
487 1494 544 1554 illis
561 1496 679 1556 occasio
695 1495 765 1553 artis
782 1493 904 1554 subditis
920 1512 975 1573 per
990 1513 1064 1573 quae
1079 1504 1135 1555 tra-
1147 1522 1171 1562 ru

134 1579 235 1639 lucere
251 1586 401 1656 cogantur.
438 1580 517 1638 aiunt
539 1577 710 1639 hebetiores
731 1578 760 1636 in
776 1586 860 1638 aceto
876 1587 1038 1638 maceratos
1055 1589 1136 1657 quat·

136 1661 295 1722 tuordecim
320 1661 422 1725 diebus
439 1663 605 1738 nitescere,
628 1660 750 1721 totidem
772 1661 921 1721 mensibus
946 1662 1066 1722 durante
1081 1663 1136 1722 ful·

134 1762 218 1822 gore.
256 1745 454 1805 adulterantur
474 1747 551 1805 vitro
573 1744 732 1820 simillime,
754 1744 808 1805 sed
830 1753 898 1804 cote
916 1745 1135 1824 deprehendun-

135 1837 193 1906 tur,
205 1830 279 1888 sicut
290 1828 364 1889 aliae
375 1846 519 1906 gemmae,
532 1829 606 1888 fretis
619 1829 694 1889 enim
705 1827 822 1888 mollior
833 1831 951 1888 materia
963 1829 1135 1908 fragilisque

136 1920 189 1971 est.
221 1920 372 1972 centrosas
397 1920 464 1971 cote
486 1911 707 1989 deprehendunt
731 1921 761 1970 et
785 1911 916 1989 pondere
945 1914 1022 1991 quod
1042 1916 1170 1978 minusue

136 1996 232 2055 estin
257 1997 375 2071 vitreis,
400 1993 553 2073 aliquando
575 2003 604 2054 et
630 1994 741 2073 pusulis
763 1997 876 2072 argenti
899 1997 984 2056 modo
1003 1997 1136 2057 relucen-

136 2078 221 2138 libus.
805 2119 807 2122 .
993 2129 995 2135 Α

93 2173 126 2227 09
201 2161 282 2238 (27.)
306 2159 360 2220 Est
381 2169 410 2221 et
429 2159 596 2220 anthracitis
614 2162 760 2240 appellata
780 2164 810 2223 iu
826 2162 1000 2242 Thesprotia
1022 2163 1134 2223 fossilis

136 2244 311 2305 carbonibus
329 2244 440 2305 similis.
471 2243 574 2304 falsum
591 2245 718 2307 arbitror
735 2245 813 2327 qnod
831 2255 861 2306 et
876 2249 905 2306 iu
919 2246 1036 2323 Liguria
1055 2249 1134 2307 nasci

135 2327 337 2406 prodiderunt,
352 2330 407 2389 uisi
423 2331 501 2389 forte
516 2337 583 2388 tunc
599 2332 800 2392 nascebantur.
823 2348 891 2390 esse
908 2332 936 2389 in
952 2333 988 2390 iis
1006 2339 1037 2390 et
1051 2349 1168 2409 prae-ua

135 2413 243 2471 cinctas
266 2411 384 2473 candida
404 2429 477 2473 rena
498 2411 623 2475 tradunt.
656 2413 755 2474 harum
777 2415 880 2489 igneus
897 2412 981 2471 color
1002 2422 1033 2471 ut
1049 2431 1136 2492 supe·

135 2496 260 2572 riorum,
282 2494 335 2556 sed
360 2496 508 2574 peculiare
535 2496 611 2573 quud
635 2497 757 2556 iactatae
780 2497 809 2552 in
835 2496 932 2568 ignem
949 2493 1030 2552 velut
1046 2498 1137 2557 inter-

135 2587 266 2638 mortuae
283 2580 504 2657 exstinguntur,
519 2587 620 2640 contra
636 2580 717 2656 aquis
734 2575 871 2656 perfusae
889 2577 1091 2639 exardescunt.

94 2674 145 2726 100
201 2660 283 2741 (28.)
310 2660 440 2740 Cognata
462 2671 508 2722 est
527 2671 556 2722 et
573 2661 738 2721 sandastros
755 2678 837 2738 quam
855 2661 943 2740 aliqui
960 2660 1137 2723 Garamanti-

136 2763 197 2805 cam
212 2754 326 2805 voeant.
358 2747 486 2806 nascitur
505 2747 534 2804 in
554 2744 630 2804 lndis
646 2743 712 2802 loco
729 2745 859 2806 eiusdem
877 2747 1009 2806 nominis.
1041 2747 1171 2824 gigni·so

136 2837 182 2886 tur
205 2836 236 2886 et
258 2829 288 2885 iu
311 2828 419 2888 Arabia
439 2828 475 2889 ad
495 2825 643 2887 meridiem
665 2845 760 2888 versa.
796 2829 1007 2890 commendatio
1027 2848 1136 2892 summa

136 2909 214 2987 quod
231 2909 321 2968 veluti
336 2912 365 2968 in
382 2910 523 2970 tralucido
539 2911 614 2985 iguis
633 2918 770 2988 optentus
787 2913 969 2974 stellantibus
985 2914 1079 2991 fulget
1094 2916 1136 2975 in-

136 3001 182 3052 tus
196 2993 292 3053 aureis
308 2994 415 3069 guttis,
431 3009 549 3070 semper
563 2995 593 3053 iu
608 3011 751 3072 corpore,
773 3014 922 3075 numquam
938 2999 967 3057 iu
983 3007 1059 3060 cute.
1089 3016 1136 3058 uc·

136 3075 214 3137 cedit
234 3085 264 3137 et
285 3076 390 3153 religio
412 3084 527 3145 narrata
547 3077 673 3138 siderum
696 3082 887 3158 cognatione,
912 3082 1046 3159 quoniam
1069 3082 1135 3142 fere

135 3160 257 3237 hyadum
282 3160 474 3239 dispositione
496 3177 530 3219 ac
545 3179 664 3222 numero
686 3163 854 3241 stellantor,
875 3164 912 3224 ob
936 3165 965 3225 id
982 3162 1169 3226 Chaldaeisau

96 3246 186 3307 fulin
207 3246 391 3305 caerimoniis
409 3244 536 3304 habitae.
573 3243 612 3305 Et
633 3246 789 3308 hiemares
811 3250 965 3308 austeritas
983 3248 1132 3324 distinguit

119 3336 166 3410 et
190 3328 302 3406 quidam
329 3331 413 3406 vigor
440 3329 573 3407 adposita
594 3331 745 3407 tinguens,
773 3331 888 3392 lndicae
912 3331 1026 3409 quidem
1048 3332 1133 3391 etiam

19 3490 24 3497 .
127 3410 277 3474 hebetare
300 3415 379 3474 risus
395 3412 534 3473 dicuutur.
568 3410 702 3474 blandior
716 3416 831 3475 feminis
854 3414 979 3493 flamma,
997 3413 1133 3474 adlucens
