2378 3840
92 183 151 245 158
435 194 465 241 c.
481 195 574 241 11111
591 194 741 242 succum

91 348 352 408 senatusconsulto.
382 349 474 411 minus
490 355 570 406 certa
587 356 653 407 sunt
668 347 704 406 de
719 346 822 424 quihus
839 347 934 406 etvini
950 345 1094 424 iudicant,

90 431 268 509 singulorum
290 433 365 490 enim
391 431 480 491 libido
510 432 603 508 pretia
625 430 745 506 singulis
776 431 845 489 facit
871 430 1093 507 praecipueque
1148 484 1156 501 ‚

90 515 260 586 aemulatio,
284 513 366 573 velut
387 532 449 573 cum
470 512 606 573 Claudius
629 512 738 572 Caesar
759 511 1093 589 zmaragdosinduebat

91 599 137 657 vel
154 597 360 672 sardonyches.
387 599 495 675 primus
510 604 605 656 autem
617 595 809 657 Romanorum
824 594 1006 672 sardonyche
1018 614 1092 655 usus

91 691 137 741 est
152 681 305 741 Africanus
327 682 425 758 prior,
442 689 472 739 ut
489 678 575 739 tradit
586 678 805 755 Demostratus,
821 687 852 738 et
866 677 933 738 iude
949 677 1115 739 Romaniss

90 782 220 841 gemmae
236 764 319 823 huius
335 765 499 823 auctoritas.
535 763 720 838 quamobrem
736 772 766 822 et
780 779 950 841 proxumum
967 763 994 822 11
1010 760 1100 822 derbi-¹

48 859 153 912 861111
179 847 280 907 locum.
320 846 521 923 sardonyches
541 845 625 919 olim,
651 847 724 902 sicut
748 861 786 903 111
809 845 874 915 ipso
896 841 1011 901 nomine
1042 843 1093 903 ad·

91 938 190 1009 paret,
206 931 452 1006 intellegebantur
467 928 593 988 candore
609 929 637 985 in
653 928 753 1003 sarda,
768 926 824 987 hoc
836 935 882 985 est
894 925 985 985 veluti
1001 943 1091 987 carne

90 1015 177 1089 ungui
201 1013 324 1073 hominis
347 1015 472 1091 inposita
496 1020 526 1072 et
550 1020 673 1086 utroque
696 1010 846 1069 tralucido.
876 1009 1000 1086 talisque
1019 1027 1092 1070 esse

90 1096 203 1157 Indicas
219 1096 331 1156 tradunt
345 1095 495 1172 Ismenias,
510 1094 723 1170 Demostratus,
738 1092 936 1168 Zenothemis,
953 1091 1092 1169 Sotacus,
1102 1109 1129 1151 1o

90 1181 118 1240 hi
142 1180 254 1257 quidem
276 1180 332 1239 duo
358 1180 485 1258 reliquas
511 1180 602 1237 omnis
628 1195 701 1254 quae
724 1195 781 1236 non
804 1175 964 1237 traluceant
984 1193 1091 1235 caecas

48 1273 81 1326 87
92 1263 255 1340 appellant,
279 1280 352 1338 quae
367 1280 441 1320 nunc
458 1260 607 1320 abstulere
626 1277 741 1318 nomen.
771 1259 859 1318 Nullo
876 1258 1022 1320 sardarum
1038 1277 1092 1318 ve-

90 1347 178 1421 stigio
203 1345 347 1404 Arabicae
369 1352 451 1420 suut,
479 1351 700 1421 coeperuntque
725 1342 857 1421 pluribus
878 1341 933 1403 hae
953 1358 1091 1418 gemmae

91 1429 238 1488 coloribus
263 1428 412 1504 intellegi,
435 1427 531 1486 radice
552 1428 633 1503 nigra
653 1435 702 1484 aut
721 1424 885 1486 caeruleum
907 1427 1035 1485 imitante
1059 1434 1092 1484 et

90 1530 185 1589 ungue
208 1513 323 1571 minium
344 1511 505 1572 redimitum
525 1508 645 1570 candido
669 1510 787 1586 pingui,
807 1526 861 1568 nec
882 1511 946 1568 sine
969 1507 1091 1585 quadam
1104 1528 1129 1569 rc

90 1613 143 1672 spe
164 1612 308 1673 purpurae
327 1595 451 1655 candore
469 1596 497 1653 in
513 1595 627 1652 minium
645 1600 829 1653 transeunte.
862 1591 914 1651 has
930 1590 1008 1651 ludis
1029 1609 1091 1652 nou

91 1677 201 1736 habitas
222 1681 249 1736 in
266 1679 378 1738 honore
394 1674 580 1736 Zenothemis
596 1676 714 1751 scribit,
736 1684 832 1736 tantae
854 1674 926 1735 alias
947 1676 1091 1750 magnitu-

47 1760 166 1822 88dinis
188 1770 218 1820 ut
240 1763 306 1821 inda
321 1761 440 1838 capulos
456 1761 628 1819 factitarent.
663 1761 769 1819 etenim
787 1765 901 1819 1111111
916 1757 956 1817 ibi
974 1765 1091 1818 torren-

90 1845 166 1903 tibus
186 1844 302 1922 detegi,
321 1845 508 1922 placuissem
526 1850 626 1902 nostro
644 1843 716 1902 orhe
732 1844 834 1920 initio,
853 1841 987 1920 quoniam
1004 1840 1090 1901 solae

90 1945 183 2004 prope
197 1926 370 2003 gemmarum
386 1927 514 2003 scalptae
529 1944 624 1985 ceram
644 1943 700 1985 non
717 1927 857 1985 auserunt.
891 1925 1128 2002 persuasimusso

90 2010 194 2070 deiude
213 2020 243 2070 11
258 2012 335 2071 Indis
352 2018 383 2069 ut
399 2011 453 2087 ipsi
474 2027 589 2087 quoque
606 2009 650 2068 his
666 2009 836 2084 gauderent.
858 2011 1005 2085 utiturque
1021 2026 1090 2086 per·

89 2094 192 2153 loratis
211 2096 310 2170 utique
330 2092 435 2167 volgus
457 2095 486 2151 in
504 2092 591 2151 collo.
625 2100 654 2152 et
680 2091 736 2150 hoc
759 2109 833 2150 nuuc
860 2100 906 2151 111
928 2090 1091 2152 Indicarum

89 2185 296 2252 argumentum.
328 2175 472 2235 Arabicae
494 2175 641 2235 excellunt
661 2175 786 2235 candore
805 2175 903 2235 circuli
919 2174 1091 2252 praelucido
1170 2230 1174 2239 .

90 2267 175 2335 atque
196 2276 252 2318 uon
271 2258 390 2336 gracili,
413 2277 508 2337 neque
528 2260 557 2318 11
578 2278 698 2320 1111111
719 2277 849 2336 gemmae
865 2267 912 2317 aut
927 2260 956 2316 in
971 2258 1091 2318 deiectu

89 2343 241 2402 renidente
265 2343 317 2402 sed
343 2344 372 2401 in
393 2343 464 2420 ipsis
488 2344 659 2404 umbonibus
685 2345 814 2418 nitente,
842 2350 1000 2418 practerea
1021 2341 1128 2400 suh-at

47 2433 181 2487 castrato
197 2428 345 2503 nigerrimi
362 2427 479 2487 coloris.
507 2425 570 2487 Η11
588 2429 617 2487 11
631 2426 735 2485 ludicis
751 2442 867 2483 cereum
885 2430 933 2481 aut
948 2439 1092 2485 corneum

89 2510 243 2585 invenitur,
256 2512 310 2568 iam
327 2510 425 2569 circuli
441 2510 509 2570 albi.
530 2511 667 2589 quaedam
683 2511 712 2566 11
728 2508 763 2564 111
782 2505 919 2563 111111111
939 2521 1022 2563 11111
1039 2523 1093 2567 au·

89 2590 197 2652 hclatio
213 2603 276 2669 est,
292 2594 463 2670 superficies
480 2612 553 2654 vero
569 2593 743 2652 locustarum
759 2590 845 2646 maris
860 2588 965 2647 crustis
981 2587 1092 2650 ruben-

90 2675 155 2735 tior.
190 2694 251 2734 nam
274 2676 397 2735 melleae
421 2685 469 2736 aut
486 2675 668 2737 faeculentae
683 2707 724 2715 —
741 2671 798 2731 hoc
819 2673 895 2731 enim
916 2689 1022 2731 nomeu
1041 2683 1092 2734 est

90 2759 160 2815 vitio
175 2759 438 2834 -inprobantur,
461 2768 510 2818 aut
527 2761 551 2818 si
571 2774 643 2815 zoua
658 2755 722 2815 alba
743 2755 841 2815 fundat
857 2774 907 2833 se,
931 2772 989 2815 uon
1003 2755 1128 2823 colli-so

87 2849 156 2915 gat,
180 2841 264 2899 simili
287 2841 373 2900 modo
399 2843 422 2899 si
447 2861 485 2901 ex
509 2841 566 2900 alio
591 2839 693 2898 colore
719 2839 848 2898 admittat
874 2841 903 2898 in
926 2857 959 2899 se
979 2836 1091 2916 aliquid

90 2925 268 2998 enormiter,
287 2921 356 2981 nihil
374 2925 494 2982 enimin
513 2942 563 2982 sua
578 2921 649 2982 sede
664 2922 844 3001 interpellari
865 2923 961 2982 alieno
980 2921 1088 3001 placet.

90 3004 160 3064 Sunt
175 3013 205 3064 et
221 3005 375 3064 Armeniae
394 3014 493 3065 cetera
509 3004 676 3085 probandae
693 3005 745 3066 sed
760 3004 866 3084 pallida
881 3023 962 3065 zona.

47 3100 81 3153 90
153 3089 232 3168 (tt.)
254 3085 434 3166 Exponenda
456 3098 503 3148 est
525 3100 555 3150 et
577 3089 696 3164 onychis
724 3091 816 3168 ipsius
839 3097 941 3149 natura
962 3097 1090 3167 propter

47 3191 76 3231 se,
88 3192 111 3225 ss
123 3175 246 3232 nominis
262 3173 443 3232 societatem.
477 3173 533 3233 hoc
548 3173 636 3233 aliubi
655 3172 756 3252 lapidis
765 3215 775 3250 ,
791 3171 836 3231 hic
852 3189 983 3249 gemmae
1000 3189 1125 3234 voca-ss

90 3256 186 3316 bulum
207 3265 253 3316 est
270 3257 344 3334 [sive
360 3257 451 3334 partis
468 3258 530 3317 1111
546 3275 619 3336 quae
641 3257 675 3316 ad
690 3257 793 3333 unguis
812 3255 1025 3315 similitudinem
1040 3273 1089 3318 re·

88 3341 198 3413 fertur,
223 3340 258 3399 de
280 3339 337 3398 hoc
359 3341 398 3399 ita
421 3343 558 3419 scriptum
583 3341 654 3418 estl.
692 3340 814 3399 Sudines
834 3339 903 3398 dicit
924 3340 953 3399 in
973 3355 1089 3415 gemma

89 3440 158 3483 esse
180 3423 351 3500 candorem,
372 3426 474 3501 unguis
496 3424 608 3484 humani
632 3422 862 3500 similitudinem,
882 3421 1089 3496 1111111111-
