2378 3840
305 215 385 262 nnn.
408 213 499 261 nisu.
521 212 647 260 xxx111.
668 211 692 264 5.
712 210 736 264 6.
760 199 907 281 (tt-34.)
1066 200 1104 259 21

110 368 155 430 oul
172 370 317 427 invenitur
331 367 394 427 alia.
416 366 473 426 hoe
488 367 604 445 quidem
621 377 652 428 et
668 369 698 426 111
714 367 788 427 omni
802 366 866 424 iere
881 365 1013 441 materia,
1032 365 1106 424 unde

109 451 224 512 metalla
240 450 341 511 Graeci
356 449 489 510 videntur
507 452 625 511 dixisse.
663 453 762 511 mirum
779 448 870 508 adhue
886 465 939 526 per
954 446 1106 525 Hispanias

110 534 315 599 ab,Hannihale
332 534 484 594 inchoatos
500 534 605 595 durare
621 542 735 612 puteos.
760 551 811 592 sua
828 533 942 591 nomina
957 531 992 590 ab
1008 533 1107 591 inven-

110 619 224 678 toribus
241 618 366 694 hahent,
386 636 424 677 ex
442 618 505 695 quis
522 617 652 678 Baebelo
675 616 837 695 appellatur
855 615 942 675 hodie
962 616 1010 692 qui
1032 610 1104 672 000
1117 623 1149 680 97

87 702 207 781 epondo
223 700 374 762 Hannibali
390 701 616 760 subministravit
636 703 665 760 in
687 701 768 776 dies,
790 698 825 757 ad
842 697 919 760 ool)
935 717 1037 777 passus
1054 699 1109 756 iam

110 794 211 845 eavato
233 794 349 861 monte,
377 803 432 863 per
453 784 532 861 quod
551 786 674 863 spatium
695 782 831 860 Aquitani
855 783 997 842 instantes
1018 782 1109 841 nocti-

110 869 165 928 bus
190 868 352 946 diebusque
375 876 499 944 egerunt
522 886 609 944 aquas
628 867 809 927 lucernarum
834 883 967 925 mensura
987 882 1108 925 amnem-

111 970 167 1029 que
192 953 307 1010 iaeiunt.
346 952 459 1027 argenti
482 969 556 1010 vena
579 953 608 1010 in
632 959 742 1009 summo
763 957 882 1027 reperta
900 949 1032 1009 crudaria
1056 965 1104 1026 ap·
1116 955 1150 1012 98

109 1034 246 1113 pellatur.
289 1035 352 1093 finis
378 1035 503 1111 antiquis
532 1034 661 1093 fodiendi
694 1031 810 1093 solebat
836 1051 904 1092 esse
932 1031 1045 1092 alumen
1067 1034 1108 1091 in·

77 1135 101 1176 11
110 1125 244 1192 ventum,
267 1117 342 1176 ultra
364 1117 434 1176 nihil
455 1118 657 1194 quaerebatur.
695 1135 788 1195 nuper
810 1118 927 1177 inventa
942 1117 1019 1175 aeris
1034 1133 1109 1175 vena

109 1201 184 1260 inira
205 1200 318 1260 alumen
338 1201 441 1261 nullam
458 1201 542 1261 tinem
560 1203 625 1279 spei
642 1202 722 1261 11111.
760 1201 832 1260 odor
849 1219 886 1284 ex
906 1201 1019 1276 argenti
1036 1197 1108 1258 iodi-

110 1288 154 1345 nis
187 1285 317 1344 inimicus
349 1285 480 1344 omnibus
513 1285 706 1362 animalibus,
737 1284 791 1344 sed
819 1303 949 1344 maxume
980 1283 1108 1343 canibus.

111 1367 220 1428 hurum
236 1377 444 1445 argentumque
461 1386 518 1445 quo
536 1368 651 1429 mollius
668 1386 705 1428 eo
724 1368 881 1448 pulchrius.
912 1369 1109 1428 1111111111-

111 1460 200 1528 gerto
218 1453 315 1527 nigras
333 1450 467 1528 praeduci
484 1451 616 1528 plerique
631 1453 775 1511 mirantur.

77 1554 102 1595 11
175 1534 258 1611 (32.)
287 1533 341 1592 Est
363 1542 392 1592 et
413 1534 487 1611 lapis
505 1536 535 1592 in
556 1534 600 1592 his
625 1536 708 1594 venis
734 1536 814 1594 euius
842 1536 954 1594 vomica
981 1528 1169 1610 liquorisaaa(

112 1619 223 1677 aeterni
240 1624 389 1692 argentum
404 1617 501 1674 vivom
519 1617 689 1694 appellatur.
714 1636 855 1677 venenum
873 1635 969 1676 rerum
986 1617 1108 1675 omnium

113 1709 159 1760 est
176 1701 394 1778 perrumpitque
415 1718 484 1759 vasa
503 1717 672 1777 permanans
689 1699 756 1758 tabe
773 1699 842 1758 dira.
877 1702 970 1759 omnia
987 1701 1013 1758 ei
1031 1701 1107 1758 inna-

112 1793 172 1843 tant
188 1792 307 1862 praeter
329 1802 442 1859 aurum,
462 1783 491 1843 id
511 1801 595 1842 unum
615 1782 650 1841 ad
672 1801 705 1841 se
722 1781 818 1841 trahit.
854 1780 921 1840 ideo
942 1791 972 1842 et
991 1790 1107 1859 optume

112 1876 232 1945 purgat,
248 1875 363 1927 ceteras
380 1869 443 1927 eius
460 1868 554 1928 sordis
570 1883 716 1944 exspuens
732 1866 838 1926 erebro
853 1866 958 1923 iactatu
971 1864 1107 1923 fictilibus

77 1952 140 2013 min
156 1952 244 2010 vasis.
274 1953 314 2011 ita
329 1953 408 2012 vitiis
424 1953 529 2011 eiectis
539 1993 549 2027 ,
568 1959 599 2008 ut
615 1959 645 2010 et
660 1952 753 2028 ipsum
769 1949 805 2008 ab
821 1966 892 2008 auro
907 1947 1054 2024 discedat,
1079 1949 1108 2006 iu

111 2034 198 2113 pellis
229 2036 362 2095 subactas
391 2035 545 2095 effunditur
571 2052 625 2112 per
651 2047 722 2111 quas
746 2033 861 2102 sudoris
889 2035 953 2094 viee
976 2031 1107 2092 delluens

112 2136 213 2196 purum
228 2120 366 2196 relinquit
381 2138 486 2178 aurum.
521 2135 593 2194 ergo
610 2127 639 2176 et
655 2136 718 2176 eum
730 2135 799 2178 aera
813 2120 998 2194 inaurentur,
1021 2115 1086 2175 suh·
1102 2128 1150 2179 100

111 2201 192 2259 litum
207 2201 329 2260 bratteis
344 2203 573 2276 pertinacissime
593 2203 716 2277 retinet,
741 2220 839 2261 verum
866 2202 977 2280 pallore
996 2200 1108 2276 detegit

113 2282 252 2359 simplicis
269 2291 316 2341 aut
332 2284 499 2359 praetenuis
518 2281 655 2341 bratteas.
670 2294 850 2362 quapropter
864 2285 893 2343 id
905 2287 1010 2345 lurtum
1021 2301 1107 2361 quae-

77 2373 213 2426 serentes
234 2367 281 2425 ovi
299 2366 414 2442 liquore
437 2364 557 2423 eandida
581 2383 662 2423 usum
680 2384 745 2425 eum
759 2368 979 2443 adulteravere,
996 2384 1063 2425 mox
1079 2374 1108 2424 et

112 2449 310 2527 hydrargyro,
333 2449 369 2509 de
390 2465 447 2527 quo
468 2447 597 2507 dicemus
621 2465 673 2507 suo
695 2448 773 2509 loeo.
809 2449 847 2508 Et
869 2450 940 2508 alias
955 2455 1103 2525 argentum
1117 2471 1150 2505 m

112 2536 209 2593 vivom
224 2553 282 2593 non
297 2534 407 2610 largum
424 2534 571 2593 inventum
587 2540 641 2592 est.

66 2645 70 2654 ·
175 2617 256 2695 (33.)
279 2619 312 2677 ln
329 2617 433 2677 iisdem
453 2617 566 2693 argenti
589 2613 713 2674 metallis
732 2615 895 2691 invenitur,
916 2623 947 2674 ut
968 2614 1088 2692 proprie
1102 2625 1149 2676 101

114 2699 258 2774 dieamus,
275 2718 392 2777 spumae
412 2700 486 2777 lapis
505 2699 643 2759 candidae
655 2699 850 2776 nitentisque,
867 2716 925 2758 non
942 2708 1036 2758 tamen
1055 2705 1110 2756 tra-

79 2781 255 2858 1111111111,
278 2784 352 2841 stimi
374 2783 537 2861 adpellant,
559 2782 606 2841 alii
627 2783 714 2858 stibi,
740 2782 788 2842 alii
812 2781 1000 2859 alabastrum,
1022 2781 1109 2858 aliqui

115 2864 257 2924 larbasim.
294 2864 350 2924 duo
374 2867 437 2926 eins
454 2883 580 2942 genera,
606 2884 664 2925 mas
685 2884 720 2926 ao
734 2867 849 2926 femina.
878 2869 969 2944 magis
985 2865 1111 2944 probant

113 2947 263 3024 feminam,
278 2947 424 3008 horridior
440 2959 485 3008 est
498 2966 558 3006 mas
574 2951 764 3027 scabriorque
777 2958 807 3010 et
822 2951 911 3010 minus
927 2950 1110 3028 ponderosus

114 3033 265 3109 minusque
283 3032 394 3092 radians
411 3042 441 3092 et
457 3032 648 3108 harenosior,
669 3033 775 3094 femina
790 3042 889 3093 eontra
905 3036 995 3110 nitet,
1014 3032 1111 3092 1111111-

111 3115 168 3193 111,
185 3116 354 3194 fissurisque
371 3134 429 3175 11111
443 3114 540 3194 globis
556 3117 720 3180 dehiscens.

79 3213 103 3255 11
177 3198 257 3282 (34.)
284 3199 337 3260 Vis
361 3202 424 3260 eius
446 3200 629 3276 adstringere
653 3218 686 3259 ae
701 3201 896 3278 refrigerare,
919 3198 1089 3278 principalis
1102 3208 1153 3262 101

114 3294 207 3344 autem
237 3286 313 3344 eirea
342 3285 462 3361 oeulos,
497 3301 618 3362 namque
654 3284 721 3344 ideo
754 3286 839 3344 etiam
860 3284 995 3363 plerique
1019 3282 1110 3361 platy-

116 3368 303 3448 ophthalmon
315 3369 343 3428 id
356 3368 558 3446 appellavere,
572 3369 705 3446 quoniam
725 3370 752 3428 111
773 3367 990 3447 calliblepharis
1010 3366 1109 3427 mulie·

114 3471 174 3511 rum
190 3453 292 3513 dilatet
308 3453 420 3512 oculos.
451 3462 480 3512 et
496 3450 650 3513 lluotiones
666 3451 777 3512 inhibet
793 3452 946 3512 oculorum
961 3450 1116 3510 exulem-
