2378 3840
99 167 139 228 24
445 180 474 228 c.
490 179 751 229 emuusuouuor

101 330 333 394 ccccxxxlx.
361 352 463 393 annum
488 369 529 380 -
551 334 636 394 tradit
657 336 804 394 inuentum
827 336 942 394 minium
968 353 983 394 a
1005 333 1096 396 Gallia

99 417 282 478 Atheniense
304 418 387 476 initio
418 427 555 495 sperante
581 435 679 476 aurum
702 420 827 495 excoqui
850 436 939 496 posse
969 419 1095 478 harenae

99 499 214 559 rubenti
243 502 272 560 in
296 499 420 560 metallis
452 502 573 578 argenti.
622 500 695 560 hauc
726 502 818 561 fuisse
847 503 990 578 originem
1019 503 1094 578 eius,

60 593 109 645 114
120 585 245 661 reperiri
268 592 362 643 autem
384 585 439 642 iam
460 593 518 643 tum
539 587 567 643 in
588 583 743 663 Hispania,
766 585 818 644 sed
839 584 939 644 durum
958 593 988 645 et
1012 584 1096 645 hare·

100 684 217 743 nosum,
238 669 307 726 item
328 666 403 744 apud
419 664 545 727 Colchos
567 669 596 726 in
614 686 687 746 rupe
704 666 823 745 quadam
837 669 970 728 inaccesa
987 687 1025 728 ex
1040 671 1117 745 qua⁵

101 751 258 809 iaculantes
278 750 460 810 decuterent.
501 751 530 810 id
554 769 622 810 esse
648 750 823 828 adulterum,
851 760 996 828 optumum
1022 769 1094 811 vero

101 851 187 910 supra
208 833 357 911 Ephesum
381 832 520 893 Cilbianis
546 836 624 911 agris
645 834 758 894 harena
786 836 866 895 coeci
895 835 1027 894 colorem
1047 835 1095 893 ha-

100 916 207 992 bente,
229 917 302 976 hanc
324 920 399 992 teri,
421 917 487 977 dein
507 917 595 977 lavari
618 919 737 977 farinam
755 927 785 977 et
804 918 881 996 quod
897 918 1026 977 subsidat
1042 919 1096 976 ite·

99 1018 160 1058 rum
175 1000 273 1060 lavari.
308 1000 499 1060 differentiam
514 1002 584 1059 artis
602 1020 670 1060 esse
686 1001 764 1078 quod
783 1001 830 1061 alii
856 1002 971 1060 minium
991 1001 1097 1060 faciant

100 1085 190 1159 prima
213 1084 325 1160 lotura,
350 1084 423 1161 apud
445 1085 519 1143 alios
539 1085 568 1143 id
586 1104 654 1144 esse
675 1085 811 1161 dilutius,
832 1085 982 1162 sequentis
1001 1093 1097 1143 autem
1106 1096 1132 1137 1⁰

100 1165 212 1238 loturae
229 1176 381 1244 optumum.

58 1260 108 1310 115
141 1243 261 1328 ,j(38.)
283 1247 495 1307 Auctoritatem
519 1249 612 1308 colori
633 1250 726 1309 luisse
745 1267 803 1310 non
818 1252 916 1309 miror.
948 1252 1003 1310 iam
1020 1251 1096 1309 enim

100 1330 233 1391 Troianis
256 1331 435 1409 temporibus
457 1333 572 1391 rubrica
592 1334 620 1391 in
642 1332 755 1392 honore
778 1342 840 1393 erat
855 1332 983 1394 Homero
1007 1341 1095 1409 teste,

100 1416 147 1492 qui
170 1416 251 1473 navis
275 1433 309 1474 ea
333 1414 528 1492 commendat,
553 1415 623 1476 alias
643 1417 719 1475 circa
739 1419 886 1495 pigmenta
910 1420 1095 1495 picturasque

100 1516 191 1557 rarus.
222 1498 323 1558 milton
341 1507 446 1557 vocant
468 1497 588 1575 Graeci,
611 1500 785 1578 miniumque
806 1501 989 1560 cinnabarim.
1020 1500 1131 1559 unde1⁵

60 1592 109 1646 116
120 1591 203 1640 uatus
229 1599 313 1641 error
327 1581 426 1641 Indico
448 1585 573 1644 nomine.
603 1585 646 1643 sic
668 1585 743 1642 enim
765 1584 913 1662 appellant
929 1583 972 1643 illi
987 1585 1096 1642 saniem

100 1665 233 1724 draconis
256 1665 321 1725 elisi
344 1665 565 1743 elephantorum
585 1668 768 1727 morientium
792 1669 923 1746 pondere
952 1666 1095 1744 permixto

58 1769 75 1812 a,
89 1750 272 1826 neutriusque
293 1749 422 1809 animalis
447 1753 603 1826 sanguine,
622 1760 653 1808 ut
678 1750 807 1816 diximus.
842 1767 938 1827 neque
956 1758 1002 1808 est
1023 1749 1095 1808 alius

100 1832 184 1892 color
205 1835 252 1909 qui
277 1834 305 1890 in
328 1834 449 1910 picturis
472 1835 591 1910 proprie
608 1832 775 1907 sanguinem
797 1831 907 1891 reddat.
938 1832 987 1889 illa
1002 1834 1096 1890 cinna·

99 1916 177 1975 baris
193 1916 330 1975 antidotis
346 1915 621 1990 medicamentisque
636 1912 787 1971 utilissima
802 1921 856 1972 est.
885 1921 924 1987 at,
939 1913 1093 1989 Hercules,
1104 1931 1132 1973 ao

99 2000 220 2074 medici,
248 1999 313 2074 quia
336 1995 511 2054 cinnabarim
532 2003 653 2069 vocant,
674 2002 790 2053 utuntur
812 1995 869 2054 hoc
888 1997 993 2069 minio,
1018 1998 1096 2072 quod

60 2101 94 2135 aar
105 2098 247 2154 uenenum
264 2096 332 2136 esse
348 2077 434 2153 paulo
453 2093 520 2135 mox
535 2077 711 2136 docebimus.

60 2174 108 2228 117
155 2161 266 2239 V'(39.)
290 2157 442 2218 Ginnabari
461 2167 579 2219 veteres
596 2176 669 2238 quae
687 2160 773 2219 etiam
787 2177 862 2219 nunc
875 2169 981 2220 vocant
996 2179 1096 2221 mono-

100 2245 246 2304 chromata
261 2242 427 2319 pingebant.
463 2244 617 2320 pinxerunt
634 2250 665 2303 et
678 2243 809 2321 Ephesio
825 2245 930 2321 minio,
953 2245 1029 2322 quod
1047 2245 1096 2305 de·

101 2327 234 2387 relictum
255 2335 319 2400 est,
345 2328 411 2404 quia
437 2328 547 2386 curatio
570 2329 665 2405 magni
690 2329 790 2406 operis
819 2336 888 2388 erat.
935 2337 1129 2407 praeteream

100 2418 252 2484 utrumque
268 2411 350 2468 nimis
365 2427 433 2469 acre
449 2412 674 2471 existimabatur.
708 2411 774 2470 ideo
792 2412 934 2471 transiere
951 2411 985 2470 ad
1003 2411 1095 2470 rubri·

58 2492 130 2578 ’ᾖξ’
143 2508 203 2550 cam
220 2499 250 2550 et
266 2493 444 2570 sinopidem,
460 2492 496 2553 de
514 2495 618 2571 quibus
635 2496 695 2553 suis
710 2493 783 2553 locis
801 2494 899 2553 dicam.
933 2493 1094 2554 cinnabaris

100 2575 278 2635 adulteratur
300 2578 439 2652 sanguine
461 2579 580 2656 caprino
602 2585 650 2635 aut
664 2577 759 2635 sorvis
781 2577 866 2635 tritis.
899 2579 1022 2656 pretium
1037 2578 1094 2636 sin·

100 2677 186 2718 cerae
202 2660 305 2716 nummi
321 2661 533 2736 quinquaginta.
582 2701 584 2706 -
828 2706 831 2711 .

59 2753 110 2806 118
153 2742 264 2818 ·.11(40.)
283 2741 354 2800 luha
371 2743 486 2801 minium
506 2743 584 2801 nasci
610 2750 640 2800 et
660 2744 689 2800 in
710 2739 858 2801 Carmania
879 2742 981 2819 tradit,
1004 2741 1130 2810 lima-ao

100 2843 192 2902 genes
209 2831 239 2882 et
254 2825 283 2882 in
296 2824 470 2901 Aethiopia,
488 2825 540 2883 sed
557 2833 661 2884 neutro
679 2843 716 2884 ex
731 2824 798 2884 loco
813 2825 958 2885 invehitur
970 2825 1005 2885 ad
1027 2843 1093 2902 nos,

100 2925 154 2966 neo
171 2906 235 2964 lere
251 2906 365 2965 aliunde
382 2924 464 2982 quam
479 2926 518 2966 ex
531 2906 678 2986 Hispania,
694 2908 888 2968 celeberrimo
904 2909 1093 2986 Sisaponensi

100 2992 222 3067 regione
246 2991 275 3047 in
293 2988 410 3048 Baetica
424 2991 555 3049 miniario
570 2990 687 3050 metallo
705 2991 897 3068 vectigalibus
918 2992 1018 3070 populi
1035 2991 1094 3050 Ho-

99 3076 192 3150 mani,
216 3071 320 3131 nullius
344 3076 387 3131 rei
406 3073 592 3149 diligentiore
613 3074 751 3134 custodia.
788 3093 845 3134 uon
864 3075 934 3134 licet
950 3075 990 3134 ibi
1007 3074 1094 3153 perli-

101 3175 170 3216 cere
185 3155 214 3214 id
229 3156 420 3233 excoquique.
452 3156 572 3216 Romam
593 3157 722 3217 adfertur
737 3176 811 3217 vena
834 3160 946 3234 signata
968 3158 1003 3217 ad
1026 3158 1128 3218 hiuaaa

99 3239 177 3299 milia
191 3240 255 3299 fere
273 3239 369 3317 pondo
387 3257 477 3298 annua
486 3283 495 3316 ,
511 3239 622 3300 Hamae
638 3250 733 3300 autem
750 3240 879 3317 lavatur,
895 3243 924 3299 in
939 3239 1092 3301 vendendo

99 3325 196 3402 pretio
223 3331 330 3382 statuto
351 3322 436 3400 lege,
457 3341 494 3383 ne
515 3323 628 3383 modum
650 3324 824 3400 excederet,
849 3322 903 3383 HS.
918 3322 997 3383 LXX
1017 3326 1046 3383 in
1061 3324 1094 3382 li-

100 3406 176 3465 bras.
216 3406 266 3466 sed
288 3406 465 3485 adulteratur
486 3406 581 3466 multis
602 3407 711 3484 modis,
735 3406 810 3466 uude
828 3407 934 3486 praeda
950 3408 1093 3467 societati.
