2378 3840
138 159 197 222 172
478 171 508 220 c.
530 173 624 220 eorm
646 171 794 220 socnam

138 327 238 388 cadem
250 345 323 405 quae
335 326 531 405 amphicomos
544 337 573 387 et
585 327 814 404 hieromnemon,
825 326 994 386 Democrito
1003 326 1137 387 laudatur

137 413 167 470 in
193 413 370 488 argumentis
395 410 607 471 divinationum.
644 409 787 470 Eumenes
819 412 848 469 in
866 409 977 469 Bactris
1007 412 1137 470 nascitur

137 493 211 554 silici
228 495 346 572 similis,
362 493 415 554 sed
425 496 512 572 capiti
525 495 676 573 supposita
691 496 753 553 visa
769 502 906 554 nocturna
924 493 1032 554 oraculi
1047 493 1136 553 modo

137 577 241 638 reddit.
278 577 428 654 Eumitren
448 577 512 638 Beli
537 596 691 656 gemmam,
720 579 891 638 sanctissimi
916 576 1036 637 deorum
1065 578 1136 655 sibi,

137 661 254 738 Assyrii
270 661 417 741 appellant
438 664 572 741 porracei
589 662 715 737 coloris,
739 661 997 740 superstitionibus
1012 669 1159 742 gratama

100 754 144 809 161
158 744 318 823 Eupetalos
349 753 484 823 quattuor
512 746 629 806 colores
656 743 761 821 habet,
793 745 974 821 caeruleum,
1006 746 1137 822 igneum,

137 829 221 904 mini,
243 829 318 888 mali.
353 828 468 890 Eureus
484 829 607 889 uuculeo
629 828 724 889 olivae
741 828 841 887 similis
864 836 925 904 est,
945 829 1046 888 striata
1067 845 1139 888 con·

138 911 253 971 charum
267 912 370 990 modo,
391 930 449 972 non
463 913 537 972 adeo
553 912 680 972 candida.
710 911 846 971 Eurotias
863 913 920 972 situ
933 911 1048 972 videtur
1064 929 1136 989 ope·

138 997 198 1055 rire
213 997 367 1072 nigritiam.
404 995 557 1073 Eusebes,
583 1015 621 1056 ex
639 1013 675 1054 eo
692 995 788 1073 lapide
811 1003 857 1055 est
873 1013 947 1073 quae
965 994 1086 1055 traditur
1106 996 1136 1055 in
1155 1003 1160 1016 ·

139 1077 217 1155 Tyro
230 1079 364 1139 herculis
378 1079 486 1157 templo
501 1081 576 1140 iacta
592 1079 678 1139 sedes
693 1098 731 1139 ex
747 1097 801 1156 qua
813 1081 853 1157 pii
865 1080 950 1138 lacile
966 1079 1135 1155 surgebant.
1147 1089 1173 1131 1⁰

138 1160 285 1239 Epimelas
300 1164 348 1238 lit,
370 1180 433 1222 cum
448 1166 477 1222 in
491 1163 609 1223 candida
623 1180 735 1240 gemma
750 1181 877 1241 superna
895 1164 1020 1239 nigricat
1039 1161 1136 1223 colos.

98 1253 148 1308 162
201 1245 283 1324 (59.)
302 1243 438 1304 Galaxian
454 1245 541 1323 aliqui
554 1245 710 1323 galactiten
721 1254 841 1322 vocant,
857 1247 979 1306 similem
994 1263 1137 1324 proxume

138 1327 240 1403 dictis,
269 1327 321 1388 sed
348 1329 606 1389 intercurrentibus
627 1329 793 1406 sanguineis
824 1339 872 1388 aut
892 1329 1019 1389 candidis
1040 1331 1135 1392 venis.

139 1408 288 1471 Galactitis
306 1430 344 1471 ex
358 1430 415 1472 uno
441 1413 543 1473 colore
565 1412 647 1472 lactis
664 1421 717 1472 est.
756 1412 876 1473 eandem
895 1412 1082 1490 leucogaeam
1098 1423 1136 1474 ,et

138 1494 378 1574 leucographitim
403 1496 551 1574 appellant
579 1504 609 1557 ct
634 1494 843 1574 synnephitim,
872 1498 901 1556 in
925 1499 1024 1556 attritu
1051 1497 1174 1557 lactisna

139 1596 209 1637 suco
236 1597 271 1638 ac
296 1597 403 1657 sapore
426 1580 594 1640 notabilem.
633 1581 662 1638 in
683 1579 854 1640 educatione
873 1580 1031 1640 nutricibus
1051 1580 1137 1641 lactis

137 1660 259 1721 iocunda
275 1663 423 1722 infantium
438 1681 555 1742 quoque
570 1663 649 1723 collo
668 1662 820 1740 adalligata
835 1664 952 1723 salivam
968 1664 1066 1724 lacere
1080 1673 1137 1725 tra·

139 1744 230 1821 ditur,
256 1747 285 1805 in
301 1763 353 1806 ore
369 1756 464 1806 autem
479 1745 656 1824 liquescere.
690 1746 810 1807 eandem
826 1749 992 1807 memoriam
1008 1748 1137 1809 adimere

138 1828 251 1887 dicunt.
286 1831 400 1893 mittunt
424 1848 487 1889 eam
507 1829 590 1890 Nilus
617 1839 648 1890 et
669 1829 817 1890 Achelous
848 1849 954 1890 amnes.
998 1839 1063 1890 sunt
1087 1835 1136 1910 qui

95 1921 147 1976 163
158 1912 337 1989 zrnaragdum
349 1912 422 1972 albis
437 1915 520 1973 venis
529 1912 754 1989 circumligatum
766 1913 922 1991 galactiten
933 1923 1048 1975 vocent.
1071 1913 1136 1976 Gal·
1145 1926 1174 1968 2⁰

136 1994 209 2054 laica
223 1996 453 2073 argyrodamanti
468 1997 569 2056 similis
585 2005 647 2071 est,
663 1995 760 2073 paullo
772 1996 934 2073 sordidior,
951 1999 1137 2059 inveniuntur

138 2080 252 2137 iunctae
268 2079 353 2139 binae
376 2087 543 2157 ternaeque.
586 2077 783 2139 Gassinuaden
799 2079 875 2141 Medi
896 2083 1009 2141 mittunt
1024 2081 1137 2142 coloris

139 2161 253 2220 orobini
267 2162 358 2221 veluti
374 2161 494 2222 floribus
509 2181 653 2242 sparsam,
669 2165 796 2224 nascitur
813 2173 843 2225 at
857 2166 886 2224 in
904 2164 1033 2225 Arbelis.
1063 2164 1138 2225 haec

137 2261 253 2323 quoque
276 2263 388 2322 gemma
411 2247 569 2326 concipere
594 2245 697 2307 dicitur
719 2256 749 2307 et
768 2249 843 2307 intra
863 2267 896 2307 sc
917 2258 1028 2326 partum
1049 2248 1137 2309 lateri

96 2338 147 2394 164
158 2345 318 2405 concussa,
341 2332 498 2409 concipere
524 2340 619 2391 autem
640 2332 778 2391 trimestri
800 2333 903 2408 spatio.
942 2328 1176 2409 Glossopetraas

136 2411 253 2487 linguae
269 2413 370 2473 similis
385 2414 568 2477 humanaein
589 2423 667 2474 terra
688 2431 745 2472 non
760 2416 839 2472 nasci
857 2412 977 2488 dicitur,
999 2413 1051 2473 sed
1067 2415 1140 2476 deii·

138 2497 234 2555 ciente
250 2495 316 2556 luua
330 2498 414 2558 caelo
429 2498 584 2575 decidere,
607 2495 834 2557 selenomantiae
850 2497 1025 2557 necessaria.
1057 2501 1139 2574 quod

136 2597 173 2638 ne
189 2580 391 2658 crederemus,
415 2583 549 2660 promissi
571 2598 686 2659 quoque
701 2579 813 2638 vanitas
831 2579 919 2655 lecit,
940 2588 1043 2640 ventos
1059 2584 1139 2642 enim

138 2680 172 2722 ea
183 2665 323 2741 conprimi
335 2674 459 2726 narrant.
489 2664 636 2742 Gorgonis
654 2662 724 2721 nihil
740 2660 815 2721 aliud
828 2671 873 2722 est
889 2680 971 2740 qnam
988 2664 1137 2726 curalium.

136 2747 259 2805 nominis
281 2765 383 2820 causa,
408 2748 484 2826 quod
505 2750 534 2806 in
555 2747 684 2806 duritiam
706 2743 809 2822 lapidis
830 2754 954 2806 mutatur
978 2747 1177 2809 emollitumao

136 2829 261 2886 inmari.
295 2827 366 2888 hanc
379 2830 618 2889 fascinationibus
633 2829 776 2888 resistere
792 2829 948 2889 adfirmant.
980 2828 1139 2892 Goniaeam

137 2909 237 2970 eadem
252 2911 379 2970 vanitate
393 2913 571 2972 inimicorum
587 2929 697 2990 poenas
713 2912 833 2973 allicere
849 2915 1025 2991 promittunt.

94 3004 144 3060 165
199 2993 280 3075 (60.)
296 2991 509 3073 Heliotropium
525 2997 653 3055 nascitur
667 2997 696 3055 in
712 2996 880 3075 Aethiopia,
897 2996 1007 3074 Africa,
1025 2995 1137 3076 Cypro,

136 3090 280 3156 porraceo
295 3078 415 3154 colore,
434 3080 601 3156 sanguineis
616 3081 699 3139 venis
715 3078 859 3140 distincta.
890 3078 983 3141 Causa
998 3082 1136 3160 nominis,

136 3162 269 3239 quoniam
285 3161 398 3223 deiecta
415 3163 444 3224 in
459 3181 509 3222 vas
525 3181 616 3241 aquae
634 3163 779 3240 fulgorem
800 3164 872 3224 solis
894 3165 1071 3225 accidentem
1089 3184 1136 3227 re·
1147 3185 1175 3226 as

136 3262 277 3322 percussu
294 3248 455 3325 sanguineo
469 3255 569 3324 mutat,
585 3265 715 3306 maxumo
728 3246 911 3325 Aethiopica.
936 3249 1038 3308 eadem
1051 3257 1137 3310 extra

135 3345 235 3405 aquam
247 3332 359 3407 speculi
371 3331 457 3391 modo
467 3329 559 3391 solem
572 3332 675 3409 accipit
688 3330 900 3409 deprenditque
912 3330 1056 3409 delectus,
1069 3331 1139 3392 sub·

120 3421 245 3473 euntem
266 3415 363 3478 lunam
388 3415 557 3479 ostendens.
582 3413 732 3492 Magorum
749 3414 935 3494 inpudentiae
953 3414 1000 3474 vel
1017 3416 1138 3477 manile-
