2378 3840
118 209 177 270 132
461 221 601 269 cunmr
618 218 769 268 succum

117 376 333 435 haematitarum
352 375 437 434 tradit
458 381 577 452 praeter
597 381 775 450 magnetem:
799 372 989 450 principatum
1010 371 1058 431 dat
1080 391 1120 432 ex

117 461 153 518 iis
169 458 346 536 Aethiopico
364 458 513 518 oculorum
527 457 741 517 medicamentis
762 455 915 516 utilissimo
939 463 969 515 et
991 455 1027 514 iis
1043 472 1119 532 quae

118 542 291 619 panchresta
315 541 460 620 appellat,
483 542 552 600 item
575 541 724 600 ambustis.
759 539 881 599 alterum
897 537 1120 598 androdamanta

118 620 324 701 dicit‘vocari,
352 624 454 685 colore
474 625 603 700 nigrum,
628 622 759 701 pondere
781 641 815 683 ac
838 622 942 683 duritia
965 622 1119 698 insignem,

120 715 149 767 et
169 707 237 768 inde
259 726 364 768 nomen
393 709 517 767 traxisse
542 708 759 785 praecipueque
778 707 808 766 in
831 705 931 764 Africa
958 713 1145 783 repertum,s

77 800 126 854 147
141 790 256 850 trahere
273 801 368 851 autem
380 793 408 850 in
421 810 453 850 se
468 799 619 868 argentum
627 833 637 867 ,
654 807 705 850 aes
714 832 724 866 ,
738 789 855 849 ferrum.
889 789 1121 866 experimentum

120 875 182 934 eius
207 893 276 934 esse
298 877 326 933 in
348 883 415 934 cote
436 894 473 934 ex
498 874 594 952 lapide
610 873 760 950 basanite,
782 871 908 932 reddere
929 873 1005 931 enim
1022 889 1123 930 sucum

120 958 308 1034 sanguineum
324 967 354 1018 et
370 977 438 1018 esse
453 957 488 1017 ad
503 959 642 1017 iocineris
656 957 726 1015 vitia
741 957 890 1034 praecipui
909 953 1027 1015 remedi.
1061 963 1123 1014 ter-

121 1042 190 1099 tium
203 1059 296 1117 genus
313 1041 432 1101 Arabici
448 1042 517 1101 lacit
526 1083 535 1117 ,
556 1040 640 1100 simili
657 1040 778 1116 duritia,
793 1041 843 1098 vix
856 1038 1006 1099 reddentis
1022 1055 1123 1097 sucum

120 1125 154 1183 ad
170 1132 265 1184 cotem
281 1127 444 1202 aquariam,
461 1124 613 1201 aliquando
628 1141 716 1184 croco
733 1122 865 1183 similem.
889 1122 982 1200 quarti
1000 1122 1122 1197 generis
1133 1142 1159 1183 ιο

120 1206 270 1283 hepatiten
294 1209 392 1267 vocari
417 1206 550 1284 quamdiu
566 1206 669 1266 crudus
686 1208 740 1282 sit,
764 1215 877 1266 coctum
893 1222 965 1264 vero
985 1203 1131 1284 miltiten,

122 1288 221 1349 utilem
236 1290 393 1367 ambustis,
414 1289 449 1349 ad
466 1290 559 1349 omnia
575 1290 721 1349 utiliorem
736 1289 869 1365 rubrica,
891 1289 981 1365 quinti
1001 1289 1122 1364 generis

80 1382 131 1437 148
144 1372 285 1449 schiston,
297 1371 535 1433 haemorrhoidas
550 1375 756 1451 reprimentem
772 1373 801 1432 in
813 1380 895 1449 potu.
918 1373 1009 1432 omnis
1026 1379 1124 1431 antem

121 1454 289 1516 haematitas
302 1458 387 1517 tritos
403 1459 432 1516 in
449 1456 516 1516 oleo
531 1458 614 1517 trium
626 1456 820 1517 drachmarum
836 1454 968 1533 pondere
983 1472 999 1514 a
1016 1455 1122 1513 ieiunis

121 1538 266 1599 bibendos
277 1543 312 1604 ad
322 1545 392 1603 vitia
405 1544 561 1620 sanguinis.
590 1539 669 1599 ldem
683 1541 814 1603 schiston
826 1547 856 1598 et
864 1538 984 1598 alterius
1001 1539 1123 1614 generis
1136 1556 1160 1596 is

123 1639 206 1698 quam
229 1623 404 1682 haematiten
426 1621 528 1700 tradit,
551 1641 636 1701 quem
666 1632 753 1685 vocat
775 1621 964 1682 anthraciteu.
998 1624 1078 1681 nasci
1095 1623 1125 1681 in

123 1703 223 1764 Africa
239 1708 368 1783 nigrum,
384 1708 510 1765 attritum
527 1708 652 1783 aquariis
668 1706 782 1765 cotibus
800 1705 925 1767 reddere
937 1705 973 1764 ab
990 1722 1026 1765 ea
1039 1711 1124 1782 parte

124 1805 198 1865 quae
216 1790 304 1849 luerit
320 1789 355 1848 ab
372 1789 468 1849 radice
484 1791 597 1866 nigrum
613 1789 759 1865 colorem,
778 1790 813 1849 ab
827 1789 918 1848 altera
932 1797 1015 1866 parte
1032 1789 1124 1852 croci.

123 1872 334 1948 ipsum‘utilem
349 1891 417 1932 esse
433 1871 822 1933 oculornmmedicamentis.

82 1964 132 2018 149
207 1955 255 2015 21.
280 1955 360 2033 (39.)
389 1955 507 2014 hetitae
531 1955 643 2032 lapides
666 1973 701 2015 er
727 1962 900 2033 argumento
923 1955 1045 2015 nominis
1066 1971 1162 2014 ma-ac

124 2055 208 2112 gnam
231 2038 331 2097 lamam
348 2038 466 2097 habent.
505 2040 691 2115 reperiuntur
712 2040 741 2097 in
761 2038 834 2098 nidis
850 2038 1023 2117 aquilarum,
1047 2037 1125 2096 sicut

84 2139 105 2174 rc
124 2139 145 2173 ιι
158 2121 186 2178 iu
200 2120 320 2179 decumo
336 2120 481 2180 volumine
500 2121 631 2181 diximus.
659 2123 738 2181 aiunt
754 2122 839 2181 binos
855 2122 998 2198 inueniri,
1016 2137 1126 2178 marem

126 2220 159 2261 ac
180 2202 330 2281 feminam,
353 2222 408 2264 uec
430 2206 493 2264 sine
518 2207 554 2264 iis
577 2224 683 2284 parere
705 2224 775 2284 quas
798 2206 919 2266 diximus
940 2203 1067 2281 aquilas,
1094 2211 1126 2262 et

126 2285 193 2345 ideo
217 2287 301 2346 binos
324 2295 440 2348 tantum.
479 2307 589 2366 genera
614 2308 714 2351 eorum
737 2298 889 2367 quattuor:
905 2291 934 2347 in
956 2287 1055 2347 Africa
1077 2303 1126 2346 na-

127 2378 257 2430 scentem
276 2371 410 2449 pusillum
434 2390 467 2432 ae
489 2373 623 2451 mollem,
655 2375 731 2433 intra
751 2391 785 2432 se
815 2371 896 2431 velut
924 2372 953 2428 in
983 2369 1049 2429 alvo
1077 2370 1163 2429 ha-at

126 2452 244 2514 bentem
269 2455 399 2532 argillam
420 2474 554 2534 suavem,
579 2456 735 2516 candidam.
771 2456 866 2530 ipsum
885 2451 1030 2510 friabilem
1043 2452 1128 2511 lemi-

126 2538 174 2596 uei
187 2557 275 2597 sexus
288 2547 397 2616 putant,
413 2557 521 2600 marem
533 2548 628 2601 autem
643 2539 691 2615 qui
705 2538 734 2595 in
747 2534 856 2594 Arabia
866 2542 1000 2594 nascatur
1014 2532 1127 2614 durum,

128 2620 224 2696 gallae
246 2621 368 2682 similem
391 2630 439 2681 aut
461 2623 647 2695 subrutilum,
666 2621 696 2677 in
711 2617 776 2677 alvo
795 2617 950 2678 habentem
967 2617 1067 2677 durum
1086 2618 1128 2678 la·

86 2705 251 2780 150pidem.
287 2706 391 2764 tertius
418 2707 446 2763 in
467 2703 565 2782 Cypro
586 2703 732 2763 invenitur
760 2701 862 2762 colore
888 2702 946 2762 illis
974 2703 1004 2761 in
1025 2700 1128 2762 Africa

128 2785 314 2845 nascentibus
333 2786 454 2863 similis,
475 2786 597 2864 amplior
620 2794 715 2866 tamen
737 2793 823 2863 atque
842 2786 994 2861 dilatatus,
1016 2786 1165 2848 ceterisao

129 2868 204 2925 enim
225 2867 350 2942 globosa
375 2870 475 2929 iacies.
515 2869 603 2929 habet
627 2872 657 2928 in
681 2869 747 2929 alvo
767 2869 902 2930 harenam
923 2868 1072 2929 iucundam
1097 2877 1128 2928 et

129 2949 263 3027 lapillos,
288 2951 352 3027 ipse
367 2960 422 3011 tam
437 2951 533 3012 mollis
554 2961 584 3011 ut
600 2953 685 3013 etiam
702 2953 800 3031 digitis
816 2954 929 3014 irietur.
967 2953 1060 3030 quarti
1076 2970 1128 3028 gc·

129 3035 209 3094 neris
226 3031 396 3112 Taphiusius
420 3035 584 3114 appellatur
611 3055 734 3097 nascens
761 3039 841 3099 iuxta
866 3035 998 3097 Leucada
1022 3036 1051 3095 in
1073 3034 1128 3095 Ta-

130 3118 243 3195 phiusa,
256 3119 303 3196 qui
316 3117 398 3178 locus
411 3127 457 3179 est
468 3119 571 3182 dextra
585 3121 786 3198 navigantibus
799 3119 943 3181 exltbaca
953 3118 1126 3180 Leucadem.

129 3203 274 3262 invenitur
297 3203 327 3262 in
349 3201 510 3263 fluminibus
534 3205 668 3265 candidus
689 3222 722 3264 ao
747 3204 897 3264 rotundus.
938 3203 1006 3263 buic
1029 3202 1165 3265 estinan

88 3296 138 3349 151
152 3284 217 3345 alvo
233 3285 306 3365 lapis
320 3289 367 3365 qui
381 3295 501 3347 vocatur
516 3288 655 3365 callimus,
671 3306 726 3348 nec
741 3288 891 3365 quicquam
906 3288 1039 3349 teretius.
1071 3286 1128 3346 he·

132 3370 202 3427 titae
219 3371 347 3446 gravidis
362 3370 508 3448 adalligati
520 3372 688 3432 mulieribus
703 3370 752 3431 vel
768 3372 992 3451 quadripedibus
1007 3368 1128 3447 pellicu-

116 3449 160 3508 lis
172 3453 406 3518 sacridcatorum
422 3457 584 3519 animalium
604 3457 753 3517 continent
773 3464 890 3535 partus,
913 3454 1041 3515 nonnisi
1062 3471 1128 3534 par-
