2378 3840
84 195 143 256 114
429 205 459 255 c.
482 207 577 255 rnrnr
597 206 748 255 sncunor

82 359 137 420 lam
157 361 212 420 uisi
235 380 252 421 e
273 377 416 423 marmore
433 360 593 421 columnam
609 360 763 440 habuisse,
781 370 812 422 et
831 364 922 422 omnis
934 361 1085 432 ‚solidasc

84 441 219 520 Carystio
234 453 284 505 aut
298 442 445 504 Luniensi.

41 537 73 594 ab
148 529 209 607 (8.)
238 525 275 586 Μ.
291 527 418 606 Lepidus
443 525 477 599 Q.
497 525 591 588 Catuli
612 531 642 588 iu
659 528 811 588 consulatu
828 529 953 607 conlega
973 533 1083 610 primus

83 612 208 672 omnium
221 611 317 671 limina
336 630 375 671 ex
389 609 540 672 Numidico
559 630 702 672 marmore
717 614 748 672 in
764 612 850 672 domo
867 615 965 690 posuit
981 631 1084 692 magna

83 696 285 774 reprensione.
318 697 343 754 is
359 695 413 754 fuit
427 694 529 755 consul
544 714 619 756 anno
635 695 716 756 urbis
731 693 915 757 cclxxvi
953 696 1010 758 hoc
1026 701 1105 776 pri-c

82 797 157 838 mum
178 780 286 840 invecti
304 777 445 839 Numidici
467 782 616 840 marmoris
640 781 795 857 vestigium
821 781 957 858 invenio,
977 799 1036 841 nou
1054 785 1083 842 iu

39 880 63 915 cc
87 860 227 921 columnis
243 870 338 922 tamen
353 865 510 940 crustisve,
525 872 556 922 ut
572 882 659 943 supra
675 860 813 940 Carystii,
831 864 926 923 sedin
941 882 1035 925 massa
1049 883 1084 928 ac

83 945 226 1005 vilissimo
241 945 368 1006 liminum
386 966 447 1007 usu.
484 955 553 1025 post
572 947 648 1008 huno
662 946 802 1026 Lepidum
816 947 909 1008 ferme
930 948 1083 1027 quadrien·

82 1027 178 1089 nich.
199 1028 335 1090 Lucullus
356 1030 458 1090 consul
475 1031 547 1108 fuit,
571 1032 619 1108 qui
640 1049 763 1108 nomen,
785 1038 817 1090 ut
838 1049 929 1091 exre
950 1031 1082 1111 adparet,

80 1110 220 1174 Luculleo
239 1115 375 1175 marmori
391 1114 470 1174 dedit
486 1114 635 1174 admodum
650 1114 812 1176 delectatus
827 1114 899 1191 illo,
914 1117 1083 1195 primusque
1093 1137 1119 1180 ro

80 1195 200 1255 Romam
216 1196 344 1273 advexit,
359 1207 450 1256 atrum
466 1197 592 1275 alioqui,
608 1216 671 1257 cum
686 1207 787 1258 cetera
804 1196 923 1258 maculis
939 1208 987 1259 aut
1002 1199 1083 1260 colo·

39 1291 73 1343 50
85 1278 166 1339 ribus
177 1279 420 1340 commendentur.
440 1282 569 1342 nascitur
580 1290 675 1341 autem
685 1279 801 1341 inhlelo
811 1281 917 1359 insula,
930 1281 1082 1362 solumque
1138 1344 1140 1349 ,

82 1380 176 1440 paene
197 1362 256 1423 hoc
276 1380 401 1424 marmor
424 1363 460 1423 ab
483 1372 612 1424 amatore
639 1382 744 1425 nomeu
766 1366 891 1444 accepit.
904 1368 1004 1426 ·iuter
1027 1367 1082 1430 hos

81 1448 218 1525 primum,
250 1450 281 1499 ut
308 1442 454 1520 arbitror,
486 1462 665 1505 marmoreos
695 1449 825 1525 parietas
850 1445 950 1505 habuit
976 1459 1082 1503 scaena

83 1529 202 1606 Scauri,
222 1546 280 1590 non
303 1527 390 1590 facilc
409 1527 531 1590 dixerim
554 1535 637 1589 secto
659 1546 696 1588 au
721 1527 823 1588 solidis
844 1526 959 1604 glaebis
976 1527 1083 1606 polito,
1093 1550 1117 1592 ra

82 1616 166 1674 sicuti
193 1622 238 1674 est
260 1612 347 1675 hodie
362 1611 442 1674 louis
459 1611 599 1674 l'ouantis
619 1611 700 1673 aedis
721 1613 751 1670 in
768 1608 924 1689 Capitolio.
958 1612 1083 1672 nondum

82 1699 158 1758 euim
172 1698 246 1758 secti
260 1698 414 1757 marmoris
429 1698 556 1773 vestigia
571 1697 689 1756 invenio
705 1696 735 1754 in
753 1694 844 1754 ltalia.

39 1794 70 1846 51
150 1781 213 1860 (9.)
236 1780 295 1841 Sed
317 1781 446 1859 quisquis
471 1781 579 1858 primus
607 1780 719 1839 invenit
748 1796 851 1838 secare
881 1778 1082 1858 luxuriamque

82 1865 225 1942 dividere,
244 1866 392 1942 inportuni
407 1865 505 1941 ingeni
521 1863 583 1922 fuit.
605 1862 713 1923 harena
728 1861 785 1921 hoc
799 1862 841 1937 dt,
861 1870 892 1921 et
905 1862 986 1922 ferro
1002 1862 1083 1922 vide·

82 1958 129 2009 tur
147 1949 228 2023 fieri,
244 1966 327 2008 serra
341 1950 371 2007 in
388 1947 540 2025 praetenui
561 1944 630 2005 linia
652 1954 803 2023 premente
823 1945 947 2006 harenas
963 1963 1118 2007 versanac

81 2033 177 2110 doque
200 2040 292 2091 tractu
315 2033 381 2109 ipso
410 2037 538 2090 secante.
588 2028 766 2107 Aethiopica
793 2028 828 2088 ad
853 2029 927 2089 haec
951 2046 1082 2089 maxume

81 2116 239 2193 probatur,
266 2112 380 2174 numid
406 2130 523 2191 quoque
545 2113 670 2174 accessit
692 2121 723 2172 ut
749 2113 784 2174 ab
806 2111 965 2192 Aethiopia
990 2129 1083 2190 usque
1179 2130 1183 2135 ·

83 2207 236 2276 peteretur
251 2196 329 2277 quod
342 2197 455 2258 iaceret
469 2215 628 2275 marmora,
644 2200 730 2257 immo
749 2215 821 2258 vero
837 2198 922 2275 etiam
939 2199 968 2258 iu
982 2195 1082 2273 Indos,

83 2301 141 2361 quo
161 2284 330 2360 margaritas
354 2299 471 2360 quoquc
492 2283 553 2360 peti
573 2283 688 2342 severis
702 2283 832 2342 moribus
847 2281 993 2358 indignum
1008 2289 1081 2341 erat.

39 2367 159 2431 tabaco
179 2383 320 2445 proxume
346 2366 485 2426 laudatur.
523 2365 645 2427 mollior
675 2374 770 2425 tamen
800 2382 873 2442 quae
896 2363 1118 2442 Aethiopicam

82 2450 131 2511 illa
146 2449 224 2511 nulla
241 2451 379 2511 scabritie
402 2458 499 2522 secat,
520 2448 617 2510 Indica
637 2467 695 2509 nou
715 2465 809 2524 aeque
826 2445 922 2520 leuat,
945 2446 998 2504 sed
1013 2463 1083 2506 con·

87 2522 172 2582 busta
193 2543 227 2582 ea
252 2524 396 2602 polientes
421 2545 561 2588 marmora
584 2530 689 2589 fricare
713 2529 856 2588 iubentur.
907 2524 1001 2584 simila
1021 2524 1079 2584 Na-

86 2607 152 2664 xiae
166 2609 266 2667 vitium
286 2616 333 2667 est
356 2618 387 2668 et
408 2607 548 2690 Coptitidi
571 2630 644 2688 quae
665 2619 786 2670 vocatur
805 2609 960 2687 Aegyptia.
998 2606 1079 2669 llaec

68 2693 164 2754 luera
183 2694 306 2770 *antiqua
332 2710 443 2769 genera
471 2688 661 2749 marmoribus
692 2685 835 2747 secandis.
891 2695 997 2764 postea
1032 2705 1081 2747 ra·

81 2785 165 2854 parta
185 2785 231 2835 est
254 2781 312 2834 uo‘u
328 2778 420 2835 miuus
442 2771 590 2852 probanda
614 2789 653 2831 ex
675 2771 797 2850 quodam
812 2769 969 2830 Hadriatici
991 2771 1080 2831 maris
1088 2795 1116 2837 nn

37 2857 176 2936 53vado,
198 2867 282 2917 aestu
303 2859 444 2934 nudante,
469 2856 677 2916 observatione
699 2873 758 2914 non
774 2854 859 2914 facili.
891 2855 947 2914 iam
963 2854 1081 2933 quidem

82 2959 261 3020 quacumque
283 2941 390 3002 harena
412 2957 514 3001 secare
534 2959 552 2999 e
573 2939 666 2999 fluviis
690 2939 822 3000 omuibus
846 2938 925 2998 fraus
940 2939 1081 2998 artificum

16 3084 19 3088 .
82 3044 151 3087 ausa
167 3034 230 3103 est,
246 3023 324 3104 quod
334 3024 515 3103 dispendium
530 3024 680 3084 admodum
690 3025 774 3102 pauci
788 3020 973 3099 intellegunt.
1002 3040 1081 3082 cras·

82 3106 143 3173 sior
164 3112 239 3172 enim
261 3110 367 3169 harena
392 3109 551 3169 laxioribus
574 3109 733 3187 segmentis
753 3108 822 3167 terit
842 3114 873 3166 et
892 3105 958 3184 plus
983 3105 1081 3168 erodit

81 3197 233 3256 marmoris
254 3196 403 3273 maiusque
431 3212 504 3273 opus
531 3195 668 3254 scabritia
692 3191 838 3271 politurae
859 3189 1014 3268 relinquit,
1040 3191 1118 3264 ica„
1182 3248 1183 3251 ,

83 3290 182 3342 sectae
207 3287 392 3341 attenuantur
421 3286 545 3338 crustae.
584 3296 684 3337 rursus
705 3275 850 3336 Thebaica
876 3275 1012 3352 polituris
1033 3273 1082 3333 ad·
1186 3261 1189 3299 *¹

83 3365 282 3425 commodatur
295 3373 325 3424 et
340 3381 414 3442 quae
430 3364 468 3422 ait
483 3381 501 3423 e
515 3380 591 3441 poro
607 3361 704 3441 lapide
720 3369 768 3420 aut
784 3379 800 3420 e
816 3360 938 3437 pumice.
1188 3424 1189 3427 Ἴ

17 3455 57 3505 64
136 3451 161 3508 7.
191 3449 279 3530 (10.)
304 3447 407 3526 Signis
429 3467 446 3510 e
467 3464 611 3509 marmore
632 3444 778 3526 poliendis
796 3444 976 3520 gemmisque
993 3440 1082 3501 etiam
