2378 3840
122 189 161 249 44
469 197 499 246 o.
515 199 610 245 Purnr
625 197 775 246 succuum

122 355 201 415 sibus
224 353 356 429 laudata,
379 352 492 430 quando
514 353 610 412 alleuo
634 352 769 431 plerique
791 353 911 430 ingenio
933 354 1024 432 magis
1040 372 1124 432 quam

121 455 174 497 suo
190 435 432 497 commendantur.
456 436 527 497 iecit
545 445 574 496 et
589 453 690 495 canem
706 445 735 496 et
752 435 926 515 QQ
940 447 970 497 et
984 437 1124 498 Perseum

122 529 151 580 et
173 523 278 598 pristas
301 529 331 580 et
347 520 479 595 Satyrum
502 519 688 579 admirantem
711 519 797 580 tibias
815 528 846 579 et
863 518 1039 599 Minervam,
1055 521 1124 582 Del-

121 605 223 683 phicos
248 603 433 682 pentatblos‚
462 605 686 682 pancratiastas,
714 602 870 664 Herculem
896 606 943 680 qui
976 612 1022 664 est
1050 606 1124 683 apud

121 691 228 748 circum
251 704 410 747 maxumum
432 689 462 747 in
487 687 560 747 aede
575 687 695 765 Pompei
716 685 823 765 blagni.
864 689 973 748 iecisse
1000 697 1030 748 et
1049 690 1145 751 oica-a

122 772 176 832 dae
194 779 407 831 monumentum
428 789 462 831 ac
479 771 612 831 locustae
634 771 807 830 carminibus
829 773 889 831 suis
906 769 1015 831 Erinna
1035 774 1123 850 sigui-

79 857 198 921 58ficat.
237 856 357 915 feritet
378 853 546 933 Apollinem
569 872 654 932 quem
676 854 711 913 ab
734 856 884 914 triumviro
903 854 1034 916 Antonio
1057 856 1123 914 sub-

121 939 207 999 latum
227 938 355 999 restituit
370 934 508 1016 Ephesiis
525 938 609 998 divos
625 937 775 1016 Augustus
791 938 953 998 admonitus
969 941 998 999 in
1013 941 1121 1017 quiete.

121 1025 228 1102 primus
254 1023 301 1082 hic
323 1021 532 1100 multiplicasse
553 1024 707 1082 veritatem
727 1022 858 1100 videtur,
887 1024 1072 1083 numerosior
1093 1024 1123 1082 in

122 1116 185 1167 arte
208 1124 291 1184 quam
310 1105 470 1182 Polyclitus
494 1115 525 1165 et
552 1108 581 1165 in
603 1106 769 1204 symmetria
792 1105 978 1184 diligentior,
1006 1115 1036 1165 et
1057 1108 1122 1184 lpse
1134 1124 1156 1166 ιι

121 1200 216 1249 tamen
237 1207 393 1266 corporum
413 1198 496 1248 tenus
526 1191 658 1249 curiosus
679 1191 762 1248 animi
789 1208 892 1250 sensus
917 1207 974 1250 non
1003 1208 1123 1268 expres·

109 1274 209 1366 sisse,
222 1273 356 1349 capillum
366 1288 483 1350 quoque
495 1280 525 1332 et
537 1273 643 1351 pubem
655 1289 713 1334 non
727 1273 905 1333 emendatius
918 1273 1026 1332 fecisse
1039 1291 1123 1350 quam

78 1334 200 1422 sdrudrs
215 1356 370 1433 antiquitas
386 1357 569 1416 instituisset
610 1356 653 1435 [4]
670 1355 749 1416 Vrcrt
765 1356 866 1416 eumP
888 1355 934 1415 tha
958 1372 1023 1415 oras
1045 1355 1123 1416 Rhe-

120 1441 204 1518 ginus
231 1457 269 1498 ex
290 1438 372 1498 ltalia
393 1441 587 1517 pancratiaste
609 1438 731 1518 Delphis
756 1441 910 1519 posito-
932 1457 968 1500 eo
991 1458 1036 1501 em
1052 1441 1123 1499 vicit

122 1532 151 1584 et
162 1521 417 1583 Leontiscum-
425 1523 527 1598 ,fecit
543 1535 572 1584 et
588 1523 805 1584 stadiodromon
820 1524 947 1602 Astylon
964 1525 1011 1602 qui
1027 1524 1123 1601 Olym·
1133 1547 1158 1588 ιι

121 1608 187 1685 piae
211 1606 374 1667 ostenditur
396 1615 426 1666 et
441 1605 534 1685 Libyn
554 1626 674 1687 puerum
696 1615 844 1669 tenentem
865 1607 1002 1669 tabellam
1019 1608 1122 1669 eodem

122 1691 206 1768 loco,
229 1699 259 1751 et
280 1691 352 1750 mala
374 1693 519 1752 ferentem
542 1691 661 1769 nudum,
683 1690 835 1769 Syracusis
852 1699 948 1752 autem
963 1692 1122 1752 claudican-

121 1783 195 1852 tem,
211 1776 292 1834 cuius
304 1775 411 1835 ulceris
419 1775 558 1836 dolorem
570 1777 681 1835 sentire
693 1776 779 1834 etiam
796 1784 964 1854 spectantes
976 1775 1121 1852 videntur,

121 1860 190 1918 item
202 1859 369 1956 Appllinem
386 1867 614 1937 serpentemque
631 1858 693 1917 eius
710 1858 824 1941 sagittis
843 1859 962 1936 configi,
978 1859 1121 1919 citharoe-

60 1987 64 1994 .
122 1943 199 2020 dum,
215 1960 262 2019 qur
256 1941 403 2002 Dicaeus
422 1942 585 2020 appellatus
604 1949 660 2016 est,
676 1940 764 2018 quod,
781 1957 844 1999 cum
860 1939 980 2001 'lbebae
1000 1944 1035 2003 ab
1052 1942 1122 2002 Ale·
1111 1962 1156 2003 -ao

121 2025 230 2085 nandro
247 2032 438 2101 caperentur,
458 2041 556 2082 aurum
572 2041 587 2082 a
605 2023 737 2100 fugiente
754 2022 939 2082 conditum
915 2043 980 2084 smu
997 2028 1059 2086 eius
1076 2045 1122 2087 ce·

101 2108 207 2169 latum
224 2114 312 2166 esset.
346 2106 393 2166 hic
409 2108 517 2185 primus
534 2123 641 2166 nervos
658 2114 688 2165 et
703 2122 793 2166 venas
811 2108 959 2184 expressit
974 2110 1120 2187 capillum-

79 2174 180 2289 fidqque
198 2190 374 2289 diligentius.
413 2190 455 2269 [5]
480 2189 545 2250 Fuit
562 2198 591 2249 et
609 2189 682 2249 alius
698 2188 879 2267 Pythagoras
894 2190 1022 2270 Samius,
1039 2194 1121 2252 initio

121 2277 235 2352 pictor,
260 2276 339 2334 cuius
362 2275 446 2352 signa
462 2273 497 2334 ad
514 2274 615 2334 aedem
630 2274 777 2335 Fortunae
793 2273 914 2334 huiusce
933 2275 990 2335 diei
1006 2285 1121 2374 septem

122 2358 195 2417 nuda
211 2366 240 2417 et
256 2360 335 2419 senis
355 2377 440 2418 unum
455 2358 568 2418 laudata
584 2367 659 2418 sunt.
699 2357 745 2418 hie
761 2362 848 2436 supra
864 2358 942 2419 dicto
958 2351 1033 2418 facie
1049 2375 1120 2436 quo·
1110 2376 1155 2417 -aa

122 2461 178 2520 que
193 2442 349 2502 indiscreta
372 2444 473 2502 similis
495 2443 586 2502 fuisse
609 2442 728 2502 traditur
736 2484 745 2517 ‚
772 2440 898 2518 Rhegini
920 2450 1014 2501 autem
1036 2442 1121 2501 disci-

79 2537 110 2592 61
125 2526 207 2604 pulos
225 2534 255 2586 et
271 2526 345 2586 iilius
364 2529 476 2588 sororis
489 2527 581 2586 fuisse
599 2525 757 2585 Sostratus.
788 2525 914 2604 {611
847 2523 1120 2603 Lysippumfiicyo-

123 2612 198 2669 nium
210 2609 296 2669 Duris
310 2619 399 2688 negat
413 2610 499 2669 ullius
507 2609 601 2669 fuisse
613 2607 793 2686 discipulum,
807 2609 859 2669 sed
872 2609 964 2687 primo
977 2609 1120 2670 aerarium

122 2693 233 2752 labrum
246 2691 368 2752 audendi
381 2695 523 2753 rationem
535 2693 653 2769 cepisse
668 2691 789 2768 pictoris
802 2690 945 2771 Eupompi
962 2710 1117 2772 responso

123 2793 186 2834 eum
211 2776 286 2834 enim
309 2776 539 2852 interrogatum,
566 2791 650 2851 quem
675 2783 849 2852 sequeretur
874 2776 1154 2876 antecedentium,ao

123 2857 231 2930 dixisse
256 2864 415 2916 monstrata
437 2857 581 2917 hominnm
597 2856 778 2918 multitudine
797 2863 951 2919 naturam
943 2878 1034 2960 rpsam
1058 2862 1119 2920 imi·

80 2951 113 3006 δι
126 2925 236 2999 tandam
250 2958 329 3016 esse,
345 2956 403 2998 non
418 2940 563 3000 artificem.
593 2941 723 3020 pluruma
736 2960 773 3001 ex
789 2943 920 3002 omnibus
938 2947 1021 3022 signa
1037 2928 1136 3027 fecit}

84 3023 107 3058 ⁸⁷
122 3032 152 3083 ut
175 3023 314 3098 diximus,
337 3023 559 3085 fecundissimae
581 3026 668 3102 artis,
690 3027 768 3084 inter
788 3043 862 3102 quae
887 3026 1138 3126 destringentem

126 3129 159 3168 se
175 3126 259 3186 quem
276 3105 390 3166 Marcus
410 3107 542 3208 Agrippa
567 3118 633 3169 ante
659 3108 797 3169 'l'hermas
821 3127 887 3170 suas
916 3110 1022 3171 dicarit
1045 3114 1117 3170 mira

121 3201 234 3271 gratum
258 3189 378 3252 'liberio
395 3193 527 3270 principi.
565 3211 622 3253 non
645 3194 736 3270 quivit
757 3201 922 3272 temperare
942 3196 1029 3256 sibi
1021 3215 1050 3255 ru
1067 3210 1153 3271 eo,aa

122 3295 289 3354 quamquam
320 3277 495 3354 imperiosus
527 3278 569 3336 sui
600 3279 676 3336 inter
701 3279 780 3336 initia
804 3278 997 3357 principatus,
1024 3289 1114 3338 trans·

122 3361 245 3438 tulitque
273 3363 302 3420 in
329 3359 490 3419 cubiculum
519 3360 576 3419 alio
601 3362 686 3438 signo
712 3361 888 3438 substituto,
918 3380 981 3422 eum
1001 3363 1117 3441 quidem

122 3451 199 3502 tanta
218 3444 321 3524 populi
346 3443 466 3503 Romani
492 3445 669 3506 contumacia
693 3444 746 3504 fuit
770 3451 799 3503 ut
815 3444 920 3504 theatri
943 3446 1119 3507 clamoribus
