2378 3840
151 194 186 244 lv
533 196 740 245 PRAEFATIO.

148 353 338 427 lmccuxxx.)
358 373 373 411 a
397 372 439 413 me
460 355 488 410 in
512 353 604 410 lucem
624 355 696 410 edita
719 362 783 410 sunt
797 372 825 409 m
839 355 986 414 lectionum
998 357 1130 413 limiano-

152 457 210 496 rum
227 440 361 512 particula
376 439 469 512 priore
484 437 603 510 (Suevos.
620 435 852 509 annuentium).

234 520 308 589 Quae
328 531 406 579 antea
423 520 494 595 typis
513 521 584 576 edita
605 527 668 576 sunt
687 520 848 593 exemplaria
864 523 991 580 desinunt
1006 526 1034 580 in
1052 525 1132 581 rerba

148 620 320 681 quocumque
337 607 455 661 ambitur
473 608 549 661 mari
573 603 611 676 (S.
635 607 699 666 203,
725 621 787 678 pag.
803 608 861 660 179.
877 605 924 663 lin.
947 606 1011 680 34.).
1047 607 1132 675 Quem

150 690 240 764 operis
263 687 344 746 finem
367 688 431 745 licet
450 705 501 762 ego
527 688 554 744 in
580 704 635 744 uno
657 687 750 744 codice
763 687 887 745 Parisino
904 693 999 754 6804..
1026 693 1072 764 qui
1090 701 1134 748 est

147 791 202 830 seo.
218 772 272 833 xv.
289 775 417 847 scrIptus,
435 788 477 828 me
492 772 581 828 videre
596 770 771 834 meminerim,
789 787 877 845 neque
890 774 1040 848 quisquam,
1058 777 1134 847 quod

147 859 244 920 sciam,
266 856 347 913 huius
368 857 408 912 rei
432 863 572 929 praeterea
585 854 712 911 habuerit
726 853 871 919 rationem,
890 857 1001 914 dubium
1018 875 1073 913 non
1090 867 1134 914 est

148 941 215 1013 quin
235 939 397 999 tribuendus
423 940 459 995 sit
482 937 612 1012 peculiari
634 936 739 995 cuidam
762 938 885 995 codicum
901 941 1030 1004 familiae,
1053 942 1133 999 cuins

148 1022 284 1079 simillima
311 1041 376 1080 sane
403 1039 464 1078 esse
490 1022 596 1077 videtur
625 1020 709 1077 altera
729 1021 807 1077 cuius
829 1022 925 1080 ultima
945 1024 1024 1080 verba
1049 1034 1133 1080 sunt:

145 1109 309 1180 priusquam
323 1109 362 1162 od
374 1108 465 1162 oculos
474 1106 619 1176 perveniat
633 1106 759 1159 desinens
774 1106 846 1162 nitor
861 1105 898 1178 (g.
915 1110 972 1163 199.
990 1125 1052 1181 pag.
1071 1111 1131 1163 179.

149 1190 195 1246 lin.
213 1187 265 1262 5.);
284 1207 346 1248 nam
368 1196 477 1264 praeter
496 1187 616 1245 codicem
637 1187 783 1245 llediceum
801 1205 854 1245 sec.
875 1190 938 1246 XIII.
957 1199 984 1246 et
1000 1191 1134 1265 Petropo·

149 1275 276 1336 litonum,
300 1290 379 1347 quem
400 1271 541 1328 immeritis
562 1270 687 1327 laudibus
711 1269 807 1327 extulit
837 1270 989 1345 Stephanus
1004 1273 1134 1330 Falcone·

150 1367 208 1421 tus,
229 1357 254 1412 ei
276 1356 444 1413 adscribendi
464 1362 527 1411 sunt
551 1373 566 1411 e
586 1353 734 1427 Silligianis
756 1356 841 1411 codex
859 1355 1075 1414 vindobonensis
1099 1359 1130 1414 ΙΙ.

150 1458 204 1499 sec.
222 1440 273 1496 XV.
292 1439 331 1513 (C)
351 1449 378 1496 et
392 1439 558 1495 Monacensis
576 1454 629 1494 sec.
646 1437 698 1493 XV.
718 1433 770 1512 (P),
796 1438 955 1511 quibuscum
970 1439 1133 1515 plerumque

153 1532 308 1597 congruunt
321 1523 483 1596 exemplaria
499 1522 569 1596 typis
584 1521 654 1578 edita
670 1529 731 1577 ante
746 1520 925 1586 Harduinnm‚
952 1524 997 1596 qui
1012 1524 1135 1582 codicem

149 1608 301 1666 Parisinum
318 1609 395 1661 6797.
411 1604 449 1678 (d)
464 1603 601 1680 amplexus
621 1605 715 1662 Incidit
729 1605 757 1659 ln
772 1606 879 1680 tertIam
895 1607 1036 1670 fauillam,
1054 1609 1134 1665 cuius

151 1690 312 1764 exemplaria
334 1689 461 1747 desinunt
481 1690 509 1745 in
535 1690 613 1745 verba
630 1692 754 1760 primum
774 1691 901 1759 pondere
926 1689 963 1762 (g.
989 1693 1046 1745 199.
1066 1709 1132 1766 pag.

153 1780 210 1830 179.
225 1775 273 1831 liu.
288 1773 332 1847 1.),
349 1767 376 1830 et
391 1774 418 1829 in
434 1773 487 1830 hoo
501 1771 572 1829 libro
586 1771 738 1846 depravavit
753 1770 839 1827 multo
854 1772 933 1845 plura
948 1790 1028 1846 quam
1042 1791 1135 1831 emen·

153 1860 236 1921 davit,
262 1859 361 1933 quippe
382 1857 428 1931 qui
452 1874 507 1912 non
530 1855 755 1912 enlmadverteret
774 1853 849 1910 illum
870 1856 988 1913 codicem
1009 1855 1132 1914 Toletani

153 1943 217 2000 alias
238 1942 417 2003 simillimum,
441 1940 474 1994 ab
495 1939 573 1994 inilio
595 1955 650 1994 non
670 1937 756 2010 magis
778 1955 858 2010 quam
878 1939 951 1996 hunc
962 1940 1134 1998 continuisse

151 2026 251 2081 librum
270 2023 404 2084 xxxvll.,
433 2020 589 2095 suppletum
608 2029 704 2094 postea
723 2037 737 2077 e
758 2020 851 2079 codice
872 2023 1019 2079 recentiori
1041 2025 1134 2096 qualis

152 2115 194 2165 est
208 2107 346 2163 Parisinus
360 2107 438 2160 6801.
462 2103 553 2161 seculo
569 2103 621 2161 XV,
642 2105 760 2179 scriptus
777 2104 816 2178 (h)
837 2115 865 2162 et
881 2107 935 2163 duo
955 2106 999 2162 alii
1016 2107 1134 2164 Parisini

153 2208 277 2263 unusque
294 2189 445 2246 Vaticanus.

237 2272 309 2341 Quae
330 2290 413 2348 quum
428 2273 465 2328 lta
479 2273 546 2334 siut,
568 2271 592 2326 si
608 2271 679 2328 lorte
695 2271 767 2328 iusto
780 2271 858 2347 plura
874 2272 902 2326 in
917 2272 969 2330 hoc
981 2271 1051 2330 libro
1066 2274 1134 2331 reli-

155 2357 213 2432 qui,
237 2374 317 2431 spero
332 2356 398 2414 mihi
416 2355 508 2413 datum
524 2353 557 2410 iri
572 2354 685 2415 veniam.

237 2438 565 2514 ScribebamSuevofurti
580 2438 659 2494 nonis
674 2437 748 2494 Iuliis
763 2437 917 2495 nuuccnx.
