2378 3840
108 186 168 248 126
447 199 476 246 o.
499 199 596 246 Perua
618 198 768 246 saeuum

105 352 211 413 theatri
228 354 337 413 totiens
352 353 540 431 multiplicata
555 352 628 412 urbe
643 360 781 433 tantoque
793 355 904 415 maiore
920 353 1031 432 populo
1048 355 1107 414 suf·

104 438 181 497 liciat
203 436 286 515 large
312 439 415 503 ᾗῇ
435 435 516 495 sede.
551 435 659 496 relicus
681 437 834 515 adparatus
859 446 955 498 tantus
979 436 1106 498 Attalica

104 528 209 596 veste,
225 520 330 582 tabulis
346 522 450 598 pictis,
469 529 571 580 cetero
586 519 725 598 choragio
742 522 796 582 fuit
810 531 853 599 ut,
871 523 901 581 in
916 520 1106 581 Tusculanam

103 604 200 663 villam
220 607 380 683 reportatis
405 621 479 682 quae
502 603 720 682 superfluebant
738 605 874 666 cotidiani
891 623 961 664 usus
981 604 1106 681 deliciis,

103 689 221 748 incensa
252 687 320 748 villa
352 689 387 748 ab
414 689 495 746 iratis
526 689 622 747 servis
661 697 897 750 concremaretur
927 687 1039 755 tiso
1010 687 1131 788 fflbt

62 773 171 853 116[8]
190 770 296 832 Aufert
316 773 438 831 animum
461 779 491 831 et
518 790 547 830 a
563 772 709 832 destinato
741 775 847 834 itinere
876 771 998 850 degredi
1014 775 1108 872 cogit

102 855 310 933 contemplatio
325 864 381 915 tam
394 855 534 934 prodigae
547 858 652 915 mentis
664 855 806 935 aliamque
821 858 952 918 conectit
966 859 1107 917 maiorem

101 941 240 999 insaniam
257 960 273 1000 e
288 940 379 1017 ligno.
420 937 451 999 G.
472 937 579 1015 Curio,
605 941 653 1016 qui
675 940 756 1000 bello
777 941 880 1001 civili'
872 961 901 1001 ιιι
920 937 1106 1002 Caesarianis

101 1024 232 1102 partibus
250 1025 340 1099 obiit,
361 1023 477 1084 funebri
500 1025 591 1100 patris
607 1041 728 1084 munere
748 1043 812 1084 cum
832 1025 937 1104 opibus
956 1023 1107 1102 adparatu·

102 1125 160 1186 quc
176 1125 235 1168 non
249 1117 354 1186 posset
369 1125 509 1184 superare
526 1106 664 1167 Scaurum
678 1113 720 1154 -'-
738 1108 813 1169 unde
832 1111 908 1169 enim
923 1108 965 1167 illi
983 1109 1105 1169 vitricus
1116 1129 1143 1171 ro

101 1190 181 1250 Sulla
197 1200 226 1251 et
237 1190 358 1252 Metella
372 1199 465 1250 mater
476 1191 722 1267 proscriptionum
738 1195 860 1270 sectrix,
877 1191 952 1252 unde
964 1191 1002 1252 m.
1018 1191 1107 1252 Scau·

101 1292 150 1332 rus
174 1281 274 1351 pater,
297 1276 405 1333 totiens
429 1275 567 1351 princeps
588 1275 712 1334 civitatis
737 1283 766 1335 et
780 1275 900 1336 Mariani
918 1275 1038 1336 sodalici
1061 1294 1107 1336 ra·

101 1359 232 1436 pinarum
252 1356 474 1435 provincialium
495 1353 597 1417 sinus?
615 1392 674 1435 —,
699 1377 761 1418 cum
783 1360 839 1419 iam
855 1378 892 1419 ne
909 1361 974 1437 ipse
990 1359 1106 1437 quidem

101 1439 226 1502 Scaurus
249 1441 305 1501 sibi
330 1460 382 1520 par
406 1459 475 1501 esse
503 1448 623 1519 posset,
650 1444 764 1519 quando
791 1442 848 1503 hoc
873 1452 956 1505 certe
988 1444 1104 1503 incendi

100 1525 178 1586 illius
202 1527 361 1604 praemium
377 1524 476 1585 habuit
497 1527 648 1585 convectis
664 1545 702 1585 ex
718 1527 790 1587 orbe
808 1536 950 1588 terrarum
969 1527 1057 1587 rebus
1073 1536 1105 1586 ut
1115 1544 1141 1585 ιι

59 1621 108 1676 117
121 1629 206 1671 nemo
223 1618 328 1688 postea
345 1628 397 1689 par
413 1618 495 1670 esset
509 1611 639 1670 insaniae
660 1609 719 1687 illi,
738 1613 859 1688 ingenio
879 1629 952 1689 ergo
969 1610 1105 1671 utendum

101 1712 155 1753 suo
180 1692 298 1754 Curioni
321 1702 351 1754 et
372 1693 480 1771 aliquid
505 1693 727 1770 excogitandum
747 1696 811 1754 fuit.
851 1713 961 1774 operae
979 1695 1105 1773 pretium

101 1786 147 1837 est
165 1779 242 1837 scire
259 1778 327 1857 quid
341 1779 488 1838 invenerit
505 1787 535 1838 et
551 1777 681 1854 gaudere
692 1779 822 1838 moribus
838 1780 947 1840 nostris
963 1797 998 1839 ac
1013 1796 1103 1838 verso

99 1861 185 1921 modo
198 1879 251 1921 nos
266 1880 372 1922 vocare
383 1863 518 1921 maiores.
547 1861 659 1921 theatra
674 1863 752 1922 iuxta
768 1861 826 1922 duo
838 1863 910 1924 fecit
926 1862 1102 1960 amplissima

99 1944 192 2023 ligno,
207 1945 353 2006 cardinum
365 1944 545 2022 singulorum
558 1945 691 2004 versatili
709 1963 852 2024 suspensa
868 1947 1082 2023 libramento,
1073 1964 1141 2010 into

99 2030 203 2122 quibus
216 2030 349 2126 utrisque
361 2026 590 2087 antemeridiano
605 2027 737 2088 ludorum
750 2030 920 2108 spectaculo
935 2031 1035 2091 edito
1027 2038 1104 2090 mter

98 2109 168 2171 sese
197 2114 310 2171 aversis
344 2131 381 2171 ne
409 2112 531 2170 invicem
560 2111 769 2190 obstreperent
801 2132 943 2192 scaenae,
979 2122 1103 2192 repente

98 2196 295 2272 circumactis,
318 2203 350 2255 ut
372 2203 507 2294 copstat,
531 2203 600 2273 post
622 2198 732 2274 primos
747 2197 812 2259 dies
828 2201 914 2258 etiam
931 2198 1102 2259 sedentibus

98 2278 220 2356 aliquis,
248 2278 417 2339 cornibus
409 2297 439 2338 m
464 2299 497 2340 ee
519 2280 692 2342 coeuntibus
713 2282 840 2343 faciebat
862 2281 1103 2360 amphitheatrum

97 2362 348 2443 gladiatorumque
377 2363 492 2442 proelia
523 2364 648 2441 edebat,
684 2367 778 2444 ipsum
804 2367 896 2441 magis
912 2373 1140 2429 auctoratumec

56 2457 106 2512 118
116 2447 256 2526 populum
268 2446 428 2508 Romanum
441 2450 657 2508 circumferens.
677 2449 745 2525 quid
758 2449 833 2508 enim
843 2449 965 2506 miretur
976 2448 1102 2523 quisque

96 2533 126 2590 in
140 2530 198 2591 hoc
211 2534 349 2610 primum,
368 2533 552 2592 inventorem
567 2551 602 2592 an
617 2534 780 2606 inventum,
797 2529 936 2589 artificem
952 2546 988 2589 an
1002 2537 1102 2589 aucto-

97 2633 175 2691 rem,
204 2634 304 2675 ausum
335 2616 460 2693 aliquem
489 2615 546 2676 hoc
567 2616 738 2690 excogitare
760 2632 796 2673 an
819 2614 972 2691 suscipere
996 2630 1032 2673 aa
1058 2615 1102 2673 iu·

97 2695 193 2758 bere‘l
215 2717 305 2777 super
325 2701 419 2759 omnia
441 2700 498 2760 erit
518 2698 619 2776 populi
637 2695 744 2756 sedere
761 2699 823 2757 ausi
842 2696 926 2758 furor
942 2705 997 2759 tam
1011 2697 1100 2758 iulide

96 2781 284 2858 instabilique
311 2782 391 2842 sede.
428 2801 466 2842 en
488 2782 536 2841 hic
557 2789 603 2840 est
624 2778 676 2840 ille
691 2788 833 2841 terrarum
851 2782 946 2843 victor
960 2792 991 2843 et
1008 2783 1098 2842 totius
1110 2801 1138 2845 co

96 2863 223 2923 domitor
239 2864 320 2925 orbis
337 2868 385 2942 qui
400 2867 498 2942 gentis
507 2907 517 2940 ,
536 2882 628 2941 regna
643 2864 768 2943 diribet,
794 2867 857 2928 iura
873 2868 986 2927 exteris
1001 2867 1100 2946 mittit,

96 2947 215 3007 deorum
234 2946 374 3024 quaedam
393 2946 586 3008 inmortalium
606 2949 711 3024 generi
726 2949 850 3010 humano
867 2951 982 3028 portio,
997 2951 1027 3009 in
1042 2967 1100 3010 ma·

53 3045 104 3099 119
115 3031 199 3092 chira
212 3031 343 3112 pendens
359 3038 389 3092 et
404 3032 439 3091 ad
451 3031 610 3110 periculum
625 3051 707 3093 suum
722 3033 877 3112 plaudens!
908 3052 984 3113 quae
1000 3033 1099 3094 vilitas

95 3116 248 3177 animarum
272 3116 328 3176 ista
355 3124 403 3176 aut
425 3133 500 3194 quae
520 3117 641 3194 querela
664 3118 701 3178 de
722 3116 847 3195 Caunis,
876 3127 1011 3196 quantum
1031 3117 1097 3177 mali

94 3203 191 3280 potuit
206 3200 356 3263 accidere!
386 3199 494 3261 hauriri
510 3201 590 3261 urbis
606 3211 704 3263 terrae
721 3202 848 3263 hiatibus
869 3201 1005 3281 publicus
1022 3216 1135 3260 mor-ac

95 3285 193 3346 talium
216 3285 302 3346 dolor
326 3295 390 3364 est,
418 3303 488 3347 ecce
510 3286 636 3365 populus
659 3285 806 3347 Romanus
829 3287 983 3348 universus
1005 3284 1097 3346 veluti

93 3369 208 3429 duobus
231 3372 357 3449 navigiis
378 3372 522 3450 inpositus
546 3368 623 3430 binis
644 3371 809 3432 cardinibus
830 3373 990 3432 sustinetur
1012 3375 1097 3428 etse

72 3451 176 3526 ipsum
188 3453 413 3533 depugnantem
429 3459 544 3539 spectat
560 3456 707 3537 periturus
718 3462 865 3515 momento
877 3454 974 3533 aliquo
988 3451 1096 3512 luxatis
