2378 3840
121 180 162 242 26
466 190 769 240 c.Pn1u1srecuun1

123 347 232 422 bitror,
254 353 456 424 praeterquam
477 345 612 405 fortassis
632 342 715 403 inlito
737 345 825 422 capiti
847 345 981 405 ventrive
1004 345 1119 421 sangui·

123 448 188 489 nem
206 430 298 505 sistit,
319 428 385 487 dum
406 447 443 488 ne
464 446 519 505 qua
538 435 675 505 penetret
690 429 719 486 in
734 429 848 487 viscera
863 446 897 487 ac
915 426 1018 487 volnus
1035 429 1119 487 attin·

122 522 189 589 gat,
204 511 289 571 aliter
304 509 438 570 utendum
453 528 511 570 non
527 511 660 589 equidem
672 527 815 572 censeam.

83 607 132 660 125
207 595 288 672 (42.)
307 593 492 671 Hydrargvro
506 602 655 671 argentum
665 594 809 653 inauratur
822 593 914 652 solum
927 611 1000 653 nunc
1013 610 1119 671 prope,

124 696 186 737 oum
202 687 230 737 et
251 679 279 736 in
303 695 391 737 aerea
414 677 498 736 simili
513 677 599 736 modo
616 677 679 736 duci
698 676 812 736 debeat.
846 677 899 737 sed
919 677 1019 736 eadem
1041 677 1141 741 inausa

125 763 241 838 quaein
257 763 331 819 omni
347 769 430 839 parte
453 762 531 820 vitae
552 761 783 836 ingeniosissima
808 768 854 820 est
873 759 1007 820 viliorem
1030 776 1118 818 exco-

82 864 116 898 roc
129 845 217 920 gitav'
245 846 409 920 materiam,
428 851 458 902 ut
473 842 630 902 docuimus.

82 937 133 989 126
205 927 288 1004 (13.)
309 925 381 986 huri
398 928 570 1004 argentique
585 928 761 986 mentionem
779 926 929 986 comitatur
944 925 1018 1003 lapis
1034 942 1119 1002 quem

125 1010 277 1070 coticulam
302 1010 468 1088 appellant,
495 1009 636 1087 quondam
661 1027 718 1069 non
739 1010 843 1068 solitus
864 1009 988 1068 inveniri
1012 1009 1066 1067 nisi
1089 1009 1119 1066 in

125 1093 240 1153 ilumine
270 1093 389 1170 Tmolo,
422 1102 453 1152 ut
480 1102 582 1152 auctor
608 1101 654 1153 est
683 1091 919 1170 Theophrastus,
945 1108 1020 1151 nunc
1045 1107 1155 1152 veron

125 1178 240 1253 passim.
278 1175 325 1235 alii
351 1176 529 1251 Heraclium,
552 1176 600 1235 alii
627 1174 746 1250 Lydium
771 1183 885 1235 vocant.
938 1183 1002 1234 sunt
1024 1181 1120 1233 autern

123 1259 244 1334 modici,
271 1266 424 1336 quaternas
451 1260 550 1318 uncias
578 1257 766 1334 longitudinis
794 1258 935 1334 binasque
960 1256 1118 1316 latitudinis

124 1358 182 1400 non
200 1340 389 1401 excedentes.
426 1339 503 1418 quod
523 1358 540 1399 a
560 1340 624 1400 sole
639 1341 693 1400 luit
715 1343 744 1400 in
763 1340 808 1400 his
823 1340 925 1400 melius
943 1358 1026 1417 quam
1042 1338 1120 1417 quod

1 1490 7 1510 Ι
88 1466 91 1474 .
125 1432 245 1484 aterra.
286 1423 332 1482 his
353 1423 485 1483 coticulis
507 1425 611 1502 periti,
632 1442 728 1484 cume
748 1442 821 1484 vena
836 1431 867 1482 ut
882 1423 947 1482 lima
961 1429 1119 1501 rapuerunt

45 1503 49 1508 ’
126 1510 373 1585 experimentum,
407 1507 539 1586 protinus
574 1506 670 1567 dicunt
699 1514 833 1585 quantum
856 1507 917 1566 auri
946 1508 984 1566 sit
1011 1508 1040 1564 in
1071 1523 1117 1580 ea,
1128 1527 1153 1567 rs

125 1599 259 1668 quantum
280 1593 393 1666 argenti
418 1590 466 1650 vel
493 1592 589 1668 aeris,
620 1591 772 1669 scripulari
802 1589 966 1650 differentia
994 1587 1116 1649 mirabili

124 1675 238 1732 ratione
256 1690 314 1732 non
329 1673 458 1734 fallente.

83 1766 132 1822 121
160 1747 289 1834 flii.)
309 1756 434 1834 Argenti
454 1757 527 1817 duae
551 1756 742 1816 differentiae.
784 1755 891 1814 vatillis
917 1754 1023 1815 ferreis
1053 1772 1118 1814 can·

125 1840 259 1900 dentibus
274 1849 404 1899 ramento
419 1841 548 1917 inposito
567 1838 645 1916 quod
666 1837 813 1896 candidum
832 1845 998 1914 permaneat
1014 1837 1118 1915 proha-

126 1927 188 1984 tur.‘
221 1940 361 2000 proxuma
382 1922 497 1981 bonitas
513 1920 597 1997 rufo,
617 1919 693 1978 nulla
712 1921 807 1995 nigro.
846 1918 898 1978 sed
913 1921 1117 1996 experimento
1128 1942 1154 1982 ao

126 2022 241 2082 quoque
257 2005 334 2062 lraus
351 2004 518 2062 intervenit.
541 2003 665 2061 servatis
682 2004 710 2060 in
722 2003 802 2060 urina
816 2001 943 2059 virorum
960 2001 1065 2060 vatillis
1079 2005 1120 2060 in·

126 2088 219 2145 licitur
234 2087 273 2143 ita
285 2093 442 2143 ramentum
457 2084 553 2143 obiter
567 2082 632 2142 dum
643 2085 736 2142 uritur
747 2083 959 2160 candoremque
974 2085 1119 2143 mentitur.

125 2176 171 2226 est
187 2165 304 2244 aliquod
319 2168 549 2245 experimentum
569 2166 652 2244 politi
669 2175 698 2226 et
713 2168 742 2226 in
756 2166 843 2226 halitu
864 2166 1005 2243 hominis,
1026 2167 1050 2225 si
1074 2186 1121 2226 su·

70 2249 72 2253 ’
125 2251 175 2310 det
191 2252 323 2331 protinus
340 2250 502 2327 nubemque
520 2249 665 2311 discutiat.

83 2344 135 2398 128
167 2335 236 2418 pu.
253 2333 336 2412 (45.)
352 2332 471 2393 Lamnas
486 2332 567 2410 duci,
585 2336 713 2412 speciem
728 2334 791 2393 lieri
806 2351 863 2393 non
879 2334 933 2392 nisi
949 2353 986 2394 ex
1002 2342 1118 2410 optumo
1129 2359 1154 2399 25

126 2435 216 2495 posse
228 2417 381 2477 credimus.
397 2418 493 2477 iuerat
505 2417 533 2476 id
547 2419 702 2495 integrum,
714 2417 766 2476 sed
781 2416 809 2475 id
821 2434 936 2495 quoque
954 2419 1008 2476 iam
1018 2415 1119 2475 iraude

127 2502 328 2578 corrumpitur.
347 2500 400 2562 sed
413 2508 514 2560 natura
525 2503 596 2560 mira
607 2502 746 2576 imagines
762 2499 912 2576 reddendi,
928 2498 1005 2578 quod
1018 2516 1119 2576 reper-

125 2602 211 2644 cusso
233 2602 302 2642 aere
325 2593 412 2662 atque
434 2585 463 2643 in
488 2584 588 2644 oculos
609 2589 730 2658 regesto
754 2581 817 2640 lieri
840 2584 986 2643 convenit.
1018 2581 1119 2642 eadem

125 2669 211 2726 visin
224 2667 335 2743 speculi
348 2685 411 2726 usu.
433 2666 523 2743 polita
539 2665 729 2725 crassitudine
741 2663 912 2743 paulumque
927 2665 1066 2744 propulsa
1079 2665 1119 2724 di-

125 2748 231 2807 latatur
251 2751 280 2805 in
300 2750 459 2808 inmensum
478 2747 642 2824 magnitudo
663 2748 825 2823 imaginum.
870 2757 976 2808 tantum
995 2750 1120 2809 interest
1129 2767 1154 2808 ao

84 2840 134 2894 129
143 2848 347 2907 repercussum
364 2831 443 2889 illum
465 2838 583 2908 respuat
598 2847 633 2888 an
648 2831 781 2908 excipiat.
819 2832 886 2908 quin
910 2833 996 2891 etiam
1016 2831 1120 2909 pocula

124 2915 164 2971 ita
196 2913 352 2988 ligurantur
377 2913 506 2990 expulsis
536 2915 612 2972 intus
639 2913 751 2973 crebris
778 2930 832 2973 ceu
859 2914 986 2992 speculis
1014 2923 1045 2974 ut
1072 2915 1120 2974 vel

125 3012 182 3055 uno
203 2997 333 3054 intuente
356 2996 475 3054 totidem
499 2995 623 3074 populus
644 2997 796 3073 imaginum
820 2997 878 3057 liat.
916 2999 1120 3074 excogitantur

126 3088 156 3138 et
171 3079 362 3156 monstrifica,
378 3087 409 3137 ut
425 3080 454 3137 in
470 3080 578 3158 templo
591 3078 730 3155 Zmyrnae
745 3079 848 3140 dicata.
873 3081 903 3141 id
917 3083 1014 3140 evenit
1030 3081 1120 3157 figura

125 3165 271 3224 materiae.
312 3161 471 3240 plurumum
494 3163 586 3223 relert
607 3181 734 3223 concava
752 3164 809 3221 sint
825 3172 856 3223 et
871 3164 967 3242 poculi
983 3163 1068 3224 modo
1084 3181 1120 3222 an
1130 3185 1156 3226 aa

125 3265 240 3324 parmae
265 3245 469 3324 Threcidicae,
505 3247 600 3306 media
624 3248 765 3324 depressa
794 3263 830 3305 an
857 3247 950 3325 elata,
985 3256 1118 3308 traversa

124 3348 159 3390 an
182 3331 315 3406 obliqua,
338 3331 438 3407 supina
460 3347 496 3388 an
517 3330 640 3407 infesta,
662 3329 800 3407 qualitate
819 3331 995 3409 excipientis
1011 3331 1121 3408 figurae

81 3421 301 3490 13otorquente
335 3415 479 3474 venientis
512 3413 637 3472 umbras.
679 3430 774 3491 neque
804 3415 878 3472 enim
903 3421 949 3474 est
974 3413 1051 3473 aliud
1073 3413 1123 3472 illa
