2378 3840
141 174 182 231 40
488 185 517 233 o.
532 186 627 232 runnu
642 183 792 231 suenum

142 340 225 397 minis
241 338 308 397 odio
324 338 441 397 inditum
457 348 503 398 est
539 348 641 417 ropter
655 356 744 400 0000
755 344 910 396 statuarum
923 333 1073 395 Volsinios
1088 353 1139 395 eu·

143 431 286 498 pugnatos
302 422 442 481 obiceret.
521 441 640 501 rumque
660 421 727 481 mihi
750 419 879 496 videtur,
898 437 961 478 cum
982 427 1138 477 statuarum

143 507 228 581 origo
251 513 306 563 tam
333 514 417 564 vetus
442 505 543 566 ltaliae
565 508 619 581 sit,
641 505 739 583 lignea
760 504 856 581 potius
878 511 926 561 aut
949 501 1048 560 fictilia
1068 500 1138 560 deo-

141 607 202 646 rnm
223 588 373 648 simulacra
390 589 419 647 in
437 589 567 649 delubris
590 589 683 649 dicata
705 606 796 666 usque
818 586 853 646 ad
868 586 1009 645 devictam
1027 584 1138 658 Asiam,

97 672 218 738 &unde
241 671 360 731 luxuria.
409 671 615 734 Similitudines
638 669 818 751 exprimendi
840 688 913 748 quae
934 669 1025 747 prima
1047 669 1158 727 luerits

142 757 244 832 origo,
265 756 294 813 in
318 774 353 815 ea
375 774 458 834 qnam
478 757 620 835 plasticen
638 756 741 816 Graeci
764 763 869 814 vocant
884 753 939 812 dici
963 753 1139 813 convenien-

98 837 184 923 ⁸⁵ffi¹o⁵³
197 841 253 897 tius
270 841 343 915 erit,
366 842 473 899 etenim
492 843 573 919 prior
596 859 678 919 quam
695 838 831 899 statuaria
852 838 916 896 luit.
949 836 1001 895 sed
1017 835 1088 894 haec
1103 834 1137 893 ad

140 923 280 981 inlinitum
300 922 441 983 effloruit·
449 926 601 985 multorum
616 925 790 985 voluminum
807 921 908 1000 operi,
935 921 1038 998 siquis
1056 918 1138 997 plura

140 1008 280 1083 persequi
300 1007 388 1083 velit,
405 1010 499 1069 omnia
516 1011 591 1069 enim
608 1011 672 1087 quis
691 1004 804 1086 possit?

98 1100 133 1155 36
208 1093 289 1169 (17.)
315 1090 351 1150 hl.
377 1093 477 1152 Scauri
500 1094 647 1153 aedilitate
670 1095 818 1169 signorum
840 1108 959 1150 000000
980 1088 1009 1146 iu
1032 1103 1174 1144 scaenam

141 1181 249 1232 tantum
270 1176 353 1233 luere
376 1177 553 1250 temporario
576 1175 698 1232 theatro.
736 1172 885 1232 Mummius
901 1173 1011 1230 Achaia
1025 1169 1169 1281 devictap,

139 1257 267 1331 replevit
293 1256 393 1312 urhem
415 1272 472 1312 non
496 1255 649 1312 relicturus
672 1253 748 1311 iiliae
770 1252 877 1313 dotem.
916 1272 966 1311 cnr
989 1255 1064 1311 enirn
1081 1270 1139 1311 non

140 1355 203 1394 cum
219 1337 407 1395 excusatione
426 1332 570 1411 ponatur?
586 1333 673 1392 multa
690 1343 719 1394 et
733 1333 842 1392 Luculli
859 1336 1010 1394 invexere.
1041 1334 1139 1394 Rhodi

140 1421 293 1479 etiamnum
309 1419 363 1476 tria
382 1417 459 1475 milia
474 1418 622 1493 signorum
645 1436 713 1477 esse
727 1416 873 1477 Mucianus
890 1427 935 1478 ter
951 1416 1052 1478 consul
1069 1436 1138 1495 pro-

140 1502 229 1579 didit,
255 1521 309 1561 nec
323 1502 459 1579 pauciora
474 1499 616 1576 Athenis,
639 1499 807 1579 Olympiae,
831 1501 954 1581 Delphis
977 1520 1173 1578 superessem

139 1587 304 1645 creduntur.
332 1585 397 1661 quis
415 1584 471 1641 ista
485 1584 645 1644 mortalium
660 1588 799 1663 persequi
816 1589 911 1664 possit
926 1596 973 1645 ant
988 1587 1051 1662 quis
1068 1604 1136 1644 usus

98 1677 131 1734 37
144 1668 284 1727 noscendi
308 1663 517 1742 intellegatur?
547 1669 669 1746 insignia
690 1687 820 1729 maxume
842 1680 872 1730 et
887 1670 981 1746 aliqua
999 1669 1034 1728 de
1050 1687 1137 1727 cansa

138 1760 237 1811 notata
252 1749 443 1825 voluptarium
458 1751 496 1808 sit
511 1753 645 1828 attigisse
660 1752 845 1828 artificesque
863 1753 1030 1812 celebratos
1048 1753 1137 1811 nomi-

138 1837 272 1911 navisse,
296 1831 474 1907 singulorum
497 1851 614 1910 qnoque
634 1833 831 1910 inexplicabili
856 1835 1053 1911 multitudine,
1073 1853 1136 1892 cnm

139 1918 283 1998 Lysippus
298 1913 353 1974 MD
373 1932 463 1992 opera
482 1916 592 1974 iecisse
612 1916 772 1993 prodatur,
790 1925 886 1975 tantae
910 1920 1004 1976 omnia
1019 1920 1089 1975 artis
1107 1928 1137 1976 ut
1146 1943 1172 1984 20

139 2003 298 2062 claritatem
330 2006 453 2075 possent
474 1997 543 2057 dare
567 1999 615 2057 vel
639 1997 762 2075 singula.
797 2017 944 2058 nnmerum
966 1999 1135 2076 adparuisse

138 2080 275 2145 defuncto
292 2098 346 2157 eo,
364 2099 426 2140 cum
443 2081 607 2142 thesaurum
623 2081 791 2158 effregisset
805 2082 909 2159 heres,
929 2081 1044 2141 solitum
1060 2084 1136 2141 enim

138 2186 176 2226 ex
191 2167 363 2244 manipretio
381 2167 520 2243 cuiusque
535 2167 610 2243 signi
629 2166 764 2226 denarios
791 2182 939 2244 seponere
954 2183 1060 2225 aureos
1079 2169 1135 2225 sin-

95 2261 130 2316 38
140 2249 237 2327 gulos.
274 2249 385 2309 Evecta
401 2268 489 2328 supra
503 2250 651 2310 humanam
666 2249 750 2310 fidem
765 2268 812 2309 ars
828 2258 874 2308 est
889 2269 1046 2325 successu,
1068 2269 1136 2309 mox

137 2341 167 2393 et
187 2333 312 2392 audacia.
349 2337 378 2393 in
403 2343 603 2411 argumentum
623 2353 777 2394 successus
802 2352 885 2393 unum
907 2333 1070 2411 exemplum
1088 2333 1171 2396 ad-aa

135 2417 245 2492 leram,
261 2436 316 2476 nec
331 2418 451 2477 deorum
466 2418 627 2478 hominisve
644 2417 836 2477 similitudinis
853 2435 1024 2496 expressae.
1054 2426 1134 2475 aetas

136 2508 236 2560 nostra
252 2500 323 2559 vidit
342 2503 370 2558 in
388 2498 551 2580 Capitolio,
573 2503 738 2579 priusquam
756 2501 785 2560 id
800 2501 957 2560 novissime
975 2497 1134 2575 conflagra-

136 2592 182 2643 ret
203 2601 219 2642 a
236 2583 404 2643 Vitellianis
429 2586 593 2661 incensum,
615 2586 644 2644 in
666 2585 740 2644 cella
756 2583 874 2644 lunonis
893 2602 992 2644 canem
1011 2601 1049 2642 ex
1064 2600 1134 2642 aere

135 2667 239 2726 volnus
256 2686 336 2725 suum
351 2667 542 2744 lambentem,
566 2669 646 2726 cuius
672 2669 806 2727 eximium
824 2667 989 2727 miraculum
1005 2676 1035 2726 et
1048 2665 1134 2726 indis·

137 2760 216 2810 creta
239 2751 301 2810 veri
327 2750 483 2809 similitudo
505 2769 563 2810 nou
579 2769 616 2809 eo
638 2750 731 2809 solum
748 2751 930 2829 intellegitur
946 2750 1076 2828 quodibi
1095 2750 1169 2810 di-to

135 2843 197 2893 cata
213 2835 318 2909 luerat,
336 2852 434 2892 verum
447 2842 476 2892 et
489 2834 688 2908 satisdatione,
706 2852 768 2893 nam
785 2837 916 2911 quoniam
936 2852 1042 2894 summa
1059 2833 1134 2893 nulla

135 2916 373 2994 pervidebatur,
390 2918 486 2993 capite
503 2917 654 2976 tutelarios
667 2935 773 2977 cavere
789 2935 843 2995 pro
860 2936 895 2977 ea
909 2920 1069 2976 institutum
1084 2935 1134 2994 pu·

133 2999 288 3061 ltliceiuit.

91 3094 126 3150 39
201 3081 282 3160 (18.)
305 3082 452 3141 Audaciae
476 3086 623 3143 innumera
648 3085 871 3162 suntexempla.
912 3085 997 3145 molis
1027 3086 1133 3162 quippe

136 3167 319 3243 excogitatas
336 3165 465 3224 videmus
483 3174 652 3242 statuarum,
670 3186 739 3245 quas
757 3168 926 3228 colossaeas
943 3176 1059 3240 vocant,
1077 3176 1168 3228 tur-oa

135 3251 214 3310 ribus
232 3251 321 3328 paris,
360 3248 426 3308 talis
453 3258 498 3307 est
514 3251 543 3307 in
559 3248 705 3330 Capitolio
722 3251 831 3328 Apollo
854 3251 974 3312 tralatus
991 3271 1006 3310 a
1025 3250 1065 3312 Μ.
1080 3249 1134 3309 Lu·

135 3334 212 3394 cullo
239 3353 277 3393 ex
298 3332 454 3413 Apollonia
470 3329 555 3392 Ponti
581 3335 670 3410 urbe,
694 3332 778 3393 XXX
793 3335 971 3411 cubitorum,
993 3338 1135 3412 quingen-

90 3425 127 3482 to
143 3419 179 3481 tis
202 3416 319 3477 talentis
341 3418 454 3495 lactus,
477 3416 541 3476 talis
564 3418 593 3477 in
617 3435 717 3496 campo
739 3416 845 3477 hlartio
868 3418 1000 3496 Iuppiter
1030 3419 1134 3477 adivo
