2378 3840
108 184 148 242 52
318 195 321 199 ·
456 193 483 241 0.
506 195 601 242 entur
622 194 772 243 01100001

108 358 241 428 optuma,
266 350 385 408 camaris
408 349 576 428 dependens
600 358 630 410 et
653 350 687 410 ab
717 367 753 410 eo
778 357 949 428 argomento
973 350 1110 426 botryitis

107 435 267 510 nominata,
291 432 487 511 ponderosior
503 432 576 492 baec
592 435 709 512 priore,
728 434 823 493 levior
838 451 929 512 porro
953 435 1110 494 secuturis.

66 517 183 581 102dno
203 519 265 578 eius
288 516 423 594 colores,
447 517 578 577 deterior
596 519 750 594 cinereus,
772 519 892 596 pumicis
908 517 1023 593 melior,
1043 517 1110 575 1110-

106 602 174 661 bilis
198 601 405 678 oculorumque
429 600 645 661 medicamentis
666 601 826 661 utilissima.
863 603 950 661 tertia
965 610 1011 661 est
1028 603 1057 659 iu
1071 601 1111 660 la-

108 686 219 745 teribus
235 685 406 763 fornacium,
423 704 497 764 quae
517 694 640 764 propter
657 687 830 762 gravitatem
848 685 882 744 ad
899 703 1026 744 camaras
1043 703 1131 762 per-s

106 771 207 829 venire
220 787 278 828 non
290 771 392 847 potuit.
417 770 492 829 ’haec
504 769 608 829 dicitur
619 769 745 848 placitis,
759 771 864 846 etipsa
877 768 911 827 ab
924 777 1108 846 argumento,

106 862 202 912 crusta
216 855 313 912 verius
337 872 420 930 quam
436 872 558 932 pumex,
579 855 656 912 intus
673 854 766 930 varia,
787 852 822 912 ad
839 870 942 930 psoras
965 851 1063 911 utilior
1079 860 1109 911 et

65 937 163 1001 moad
178 938 330 997 cicatrices
353 937 516 998 trahendas.
553 939 623 997 liunt
639 956 727 997 exea
743 937 800 996 duo
816 936 871 996 0110
887 954 1013 1013 genera:
1038 955 1108 1013 ony-

108 1019 193 1080 chitis
217 1029 301 1081 extra
317 1039 411 1100 paene
433 1022 586 1099 caerulea,
612 1023 690 1080 intus
713 1020 833 1097 onychis
854 1020 972 1079 maculis
995 1019 1108 1095 similis,

106 1107 252 1164 ostracitis
276 1113 337 1164 tota
360 1107 442 1183 nigra
463 1114 493 1164 et
518 1126 534 1165 e
557 1107 666 1165 ceteris
693 1104 909 1179 sordidissima,
937 1103 1108 1163 volneribus
1120 1126 1146 1167 10

104 1207 235 1247 maxume
264 1189 351 1247 utilis.
395 1191 488 1247 omnis
515 1197 611 1248 autem
627 1189 745 1248 cadmea
768 1191 799 1268 in
823 1187 911 1266 Cypri
940 1187 1107 1247 fornacibus

105 1278 236 1348 optuma,
258 1273 363 1330 iterum
379 1289 395 1331 a
410 1271 529 1331 medicis
545 1273 679 1348 coquitur
695 1272 823 1331 carbone
841 1289 914 1350 puro
933 1280 1036 1349 atque,
1058 1271 1107 1330 ubi

104 1357 133 1413 in
155 1357 283 1414 cinerem
304 1355 408 1431 rediit,
434 1357 631 1432 exstinguitur
655 1357 721 1415 vino
747 1356 872 1415 Amineo
895 1373 969 1432 quae
992 1355 1026 1415 ad
1050 1373 1107 1414 em·

63 1449 114 1502 104
125 1439 235 1517 plostra
251 1448 453 1518 praeparatur,
471 1457 545 1517 quae
562 1457 635 1499 vero
652 1439 687 1499 ad
704 1456 807 1519 psoras
824 1447 919 1499 aceto.
950 1439 1063 1518 quidam
1078 1441 1107 1498 in

104 1524 170 1582 ollis
195 1523 331 1582 fictilibus
356 1532 466 1583 tunsam
486 1532 572 1582 urunt
593 1531 623 1583 et
644 1523 740 1583 lavant
761 1525 790 1582 in
813 1525 976 1600 mortariis,
1002 1531 1107 1601 postea
1118 1545 1144 1586 10

103 1608 219 1666 siccant.
264 1605 489 1685 Nymphodorus
517 1607 643 1686 lapidem
672 1610 765 1686 ipsum
795 1626 877 1685 quam
906 1609 1107 1684 gravissimum

104 1693 370 1769 spississimumque
388 1693 445 1750 urit
461 1710 553 1771 pruna
575 1700 604 1752 et
623 1700 757 1751 exustum
774 1689 847 1751 Chio
862 1693 931 1751 uino
949 1693 1107 1768 restinguit

104 1775 270 1853 tunditque,
293 1792 361 1835 mox
381 1775 473 1835 linteo
490 1777 599 1836 cribrat
621 1784 707 1853 atque
730 1778 759 1834 10
774 1776 914 1836 mortario
932 1777 1016 1852 terit,
1039 1792 1107 1834 mox

102 1878 175 1938 aqua
199 1859 296 1937 pluuia
321 1869 449 1920 macerat
473 1861 636 1937 iterumque
660 1861 731 1919 terit
755 1860 832 1938 quod
861 1859 993 1920 subsedit
1013 1859 1107 1919 donec

103 1961 242 2004 cerussae
265 1943 359 2002 simile
383 1945 449 2020 liat,
477 1943 555 2002 nulla
577 1942 704 2002 dentium
729 1943 849 2003 oflensa.
891 1943 992 2004 cadem
1012 1943 1143 2005 10110000

101 2029 193 2104 10110,
217 2027 274 2086 sed·
285 2044 369 2103 quam
384 2029 567 2104 purissimum
583 2027 666 2103 eligit
681 2027 815 2105 lapidem.
939 2026 941 2031 ’

61 2123 109 2175 105
175 2109 266 2188 ’(23.)
287 2109 430 2170 Cadmeae
450 2110 572 2170 effectus
591 2112 720 2187 siccare,
739 2129 911 2189 persanare,
929 2113 1037 2172 sistere
1056 2111 1106 2170 ilu-

101 2196 227 2272 otiones,
242 2196 378 2273 pterygia
393 2203 423 2255 et
441 2194 537 2255 sordis
555 2195 705 2255 oculorum
717 2213 856 2274 purgare,
873 2195 1038 2255 scabritiam
1055 2214 1105 2254 ex·

60 2287 239 2356 1111000010,
263 2287 293 2338 01
309 2279 445 2358 quidquid
463 2281 492 2338 in
507 2279 616 2357 plumbi
634 2279 741 2340 ellectu
763 2280 901 2340 dicemus.
933 2279 995 2340 Aes
1011 2282 1105 2358 ipsum

101 2365 192 2423 uritur
219 2363 253 2423 ad
277 2365 371 2424 omnia
394 2364 494 2424 eadem
519 2373 697 2443 praeterque
723 2365 875 2442 albugines
903 2364 1053 2424 oculorum
1076 2371 1142 2423 0101

101 2449 270 2525 cicatrices,
299 2448 397 2508 ulcera
424 2465 541 2525 quoque
565 2448 714 2508 oculorum
736 2467 799 2507 cum
824 2448 900 2508 lacte
929 2456 1026 2524 sanat,
1054 2449 1105 2506 ita·

101 2550 157 2610 que
180 2533 321 2611 Aegyptii
344 2532 449 2609 collyri
473 2531 501 2591 id
523 2532 609 2592 modo
633 2539 731 2590 101001
752 2533 781 2590 10
800 2533 945 2592 coticulis.
981 2532 1051 2591 facit
1075 2539 1105 2590 et

58 2626 109 2682 106
120 2618 295 2677 vomitiones
312 2636 329 2676 e
343 2617 430 2677 melle
444 2624 594 2694 sumptum.
619 2617 711 2674 uritur
726 2623 821 2675 autem
835 2614 972 2695 Cyprium
987 2618 1017 2676 10
1034 2615 1106 2675 licti-

100 2701 175 2760 libus
194 2700 290 2760 crudis
307 2718 370 2759 cum
385 2700 512 2779 sulpuris
529 2700 591 2777 pari
607 2698 739 2776 pondere
758 2699 852 2779 {vase}
868 2700 1030 2761 circumlito
1047 2701 1105 2778 spi·

100 2793 229 2842 ramento
251 2787 280 2843 in
296 2786 431 2859 caminis,
455 2783 549 2842 donec
566 2800 635 2841 vasa
651 2783 715 2859 ipsa
730 2793 955 2862 percoquuntur.
991 2783 1102 2863 quidam
1114 2802 1140 2843 so

100 2874 130 2925 et
146 2866 236 2925 salem
258 2866 380 2942 addunt,
407 2867 495 2943 aliqui
512 2865 625 2926 alumen
642 2884 695 2945 pro
715 2868 852 2946 sulpure,
875 2869 923 2928 alii
939 2868 1028 2945 nibil,
1051 2868 1104 2928 sed

100 2957 185 3009 00010
205 2958 311 3008 tantum
327 2949 514 3027 adspergunt.
548 2959 643 3009 ustum
665 2953 769 3011 teritur
786 2954 925 3013 mortario
943 2952 1103 3028 Thebaico,

99 3051 173 3112 aqua
200 3033 297 3113 pluvia
323 3033 436 3093 lavatur
460 3035 623 3113 iterumque
649 3034 762 3096 adiecta
786 3037 917 3114 largiore
941 3039 1047 3098 teritur
1074 3045 1103 3096 et

100 3119 164 3178 dum
187 3119 319 3179 considat
339 3118 530 3195 relinquitur,
558 3117 614 3178 boc
636 3122 772 3199 saepius,
800 3121 894 3181 donec
916 3122 951 3181 ad
973 3123 1103 3201 speciem

99 3205 167 3263 mini
185 3203 295 3263 redeat.
325 3210 391 3262 tunc
406 3204 544 3262 siccatum
560 3205 589 3262 in
606 3204 670 3264 sole
685 3206 714 3263 in
729 3222 816 3265 aerea
832 3206 940 3283 pyxide
958 3214 1101 3266 servatur.
1113 3219 1138 3261 05

59 3299 107 3353 107
186 3290 232 3347 11.
258 3287 340 3366 (24.)
365 3285 403 3346 Et
419 3288 516 3347 scoria
539 3289 617 3348 aeris
633 3288 718 3348 simili
736 3289 821 3349 modo
838 3290 966 3367 lavatur,
988 3292 1101 3349 minore

100 3372 208 3432 ellectu
232 3390 315 3450 quam
338 3373 433 3451 ipsum
457 3390 516 3432 aes.
554 3372 651 3432 sedet
671 3374 749 3433 aeris
767 3373 821 3433 flos
843 3373 1004 3434 medicinae
1021 3373 1101 3432 utilis

88 3464 144 3513 est,
183 3457 220 3514 lit
230 3475 304 3517 acre
319 3457 388 3518 fuso
407 3465 438 3518 ct
460 3458 490 3517 in
511 3456 582 3517 alias
598 3457 725 3517 fornacis
746 3456 868 3532 tralato,
894 3457 934 3518 ibi
952 3456 1021 3517 flatu
1039 3475 1102 3516 cre·
