2378 3840
298 207 380 254 nur.
398 205 490 255 mrsu.
510 207 631 254 xxxvl.
647 203 690 258 ιθ.
709 204 752 258 tt·
769 195 919 274 (os-69.)
1052 197 1108 258 mr

107 361 272 422 hereditate
289 362 352 421 eius
375 363 423 440 qui
446 362 614 440 praefuerat
630 361 771 440 Aegypto
790 362 937 421 obsianam
957 363 1110 441 imaginem

106 444 252 522 Menelai,
284 464 322 505 ex
349 463 404 523 qua
427 447 547 524 adparet
568 447 715 524 antiquior
735 447 874 506 materiae
901 447 1005 525 origo,
1035 466 1110 507 nunc

106 530 175 588 vitri
190 529 377 589 similitudine
393 529 578 608 interpolata.
607 528 792 590 Xenocrates
815 530 964 590 obsianum
985 530 1111 608 lapidem

107 615 137 672 in
151 613 231 673 lndia
249 622 279 673 et
295 614 324 673 in
340 612 456 675 Samnio
474 613 575 674 ltaliae
599 613 678 673 etad
695 630 833 674 oceanum
854 615 883 672 in
902 612 1040 693 Hispania
1055 623 1110 674 tra·

84 697 148 757 tdit
164 699 251 758 nasci.
278 696 324 757 Fit
340 706 370 757 et
385 698 527 758 tincturae
543 716 656 775 genere
673 697 834 774 obsianum,
847 697 882 757 ad
898 700 1009 759 escaria
1020 716 1090 758 vasa
1102 707 1155 764 198

107 791 137 841 et
161 789 252 841 totum
274 781 382 841 rubens
402 783 509 841 vitrum
533 790 619 860 atque
645 799 703 841 non
727 781 892 858 tralucens,
918 781 1110 844 haematinum

106 865 291 944 appellatum.
325 865 357 924 fit
372 873 402 925 et
418 865 513 926 album
526 874 555 926 et
570 867 696 925 murrina
712 873 760 926 aut
774 864 944 941 hyacintbus
961 868 1110 945 sappiros-

106 966 163 1026 que
178 950 318 1008 imitatum
336 957 366 1008 et
384 949 516 1009 omnibus
535 949 599 1009 aliis
621 948 791 1025 coloribus,
814 967 870 1009 nec
893 957 938 1009 est
960 950 1015 1010 alla
1035 968 1110 1010 nunc

107 1034 262 1111 sequacior
278 1035 399 1094 materia
416 1041 464 1094 aut
480 1034 566 1094 etiam
582 1034 712 1111 picturae
729 1032 981 1093 adcommodatior.
1013 1051 1109 1093 maxu-

70 1137 96 1178 m
106 1134 168 1176 mus
189 1124 284 1176 tamen
303 1115 398 1177 bonos
426 1119 455 1177 iu
483 1117 606 1177 candido
628 1116 839 1177 tralucentibus
860 1135 944 1195 quam
968 1134 1109 1195 proxuma

106 1199 236 1278 crystalli
251 1200 446 1262 similitudine.
468 1220 537 1262 usus
552 1201 1153 1278 veroadpotandumargentimetalla199

106 1293 137 1346 et
159 1286 221 1345 auri
243 1284 363 1364 pepulit.
400 1293 447 1346 est
464 1293 565 1346 autem
589 1285 698 1345 caloris
717 1286 880 1364 inpatiens,
902 1286 932 1344 ni
953 1284 1111 1363 praecedat

105 1368 228 1445 frigidus
253 1369 350 1446 liquor
373 1388 436 1429 cum
458 1368 554 1429 addita
574 1386 648 1446 aqua
667 1371 779 1430 vitreae
801 1368 878 1446 pilae
901 1369 966 1428 sole
983 1369 1108 1428 adverso

105 1453 135 1511 in
151 1460 261 1510 tautum
276 1451 451 1512 candescant
464 1460 495 1510 ut
512 1453 605 1512 vestis
621 1462 753 1512 exurant.
784 1451 956 1527 Fragmenta
976 1459 1110 1530 teporata

70 1552 95 1592 rs
106 1534 322 1611 adglutinantur
340 1543 463 1610 tantum,
485 1552 585 1595 rursus
603 1543 664 1593 tota
681 1534 760 1594 fundi
778 1551 836 1593 non
855 1542 963 1611 queunt
978 1543 1110 1611 praeter·

106 1635 190 1696 quam
212 1617 334 1696 abrupta
358 1619 475 1678 sibimet
501 1619 530 1677 in
559 1625 673 1694 guttas,
702 1618 793 1678 veluti
818 1634 881 1677 cum
910 1617 1011 1678 calculi
1039 1618 1109 1677 liunt

105 1719 179 1779 quos
205 1701 319 1780 quidam
341 1701 480 1762 abaoulos
502 1701 667 1781 appellant,
696 1701 809 1780 aliquos
834 1709 865 1762 et
891 1700 1022 1780 pluribus
1049 1719 1109 1761 mo·

105 1786 149 1845 dis
172 1785 383 1847 versicolores.
421 1787 525 1847 vitrum
546 1786 657 1864 sulpuri
682 1792 855 1846 concoctum
876 1786 1065 1846 feruminatur
1078 1787 1109 1845 in

104 1869 237 1948 lapidem.

69 1968 95 2009 ao
167 1954 250 2033 (68.)
272 1952 310 2013 Et
327 1955 456 2032 peractis
476 1954 609 2014 omnibus
629 1970 704 2031 quae
720 1960 854 2013 constant
869 1954 1007 2032 iugenio,
1024 1963 1088 2014 arte
1099 1965 1152 2020 200

104 2047 234 2098 naturam
249 2037 393 2117 faciente,
416 2040 559 2099 succurrit
578 2039 676 2098 mirari
691 2037 762 2097 nihil
777 2055 872 2116 paene
889 2054 948 2098 non
962 2039 1024 2116 igni
1043 2056 1108 2116 per-

103 2121 159 2180 fici.
206 2120 256 2181 27.
278 2123 383 2200 accipit
400 2122 524 2182 barenas
540 2140 578 2182 ex
593 2122 698 2200 quibus
713 2121 802 2181 aliubi
819 2122 940 2198 vitrum,
956 2122 1045 2183 aliubi
1061 2141 1106 2183 ar·

103 2211 233 2281 gentum,
250 2204 338 2264 aliubi
350 2206 477 2282 minium,
488 2204 578 2264 aliubi
590 2204 698 2282 plumbi
710 2223 833 2283 genera,
848 2205 936 2266 aliubi
948 2208 1108 2285 pigmenta,

103 2287 192 2346 aliubi
202 2287 411 2347 medicamenta
427 2287 527 2347 fundit.
549 2288 610 2364 igni
626 2288 738 2367 lapides
756 2291 785 2348 in
802 2307 854 2349 aes
868 2291 1032 2367 solvuntur,
1048 2292 1108 2368 igni

68 2389 93 2431 aa
103 2371 213 2431 ferrum
229 2372 360 2448 gignitur
374 2389 408 2430 ao
426 2371 574 2447 domatur,
592 2372 652 2447 igni
671 2389 769 2431 aurum
784 2372 952 2450 perficitur,
968 2375 1029 2448 igni
1045 2392 1108 2434 cre·

102 2464 180 2515 mato
200 2454 296 2534 lapide
318 2463 468 2516 caementa
489 2455 519 2514 iu
545 2455 632 2514 tectis
655 2454 790 2530 ligantur.
827 2455 883 2514 alia
906 2457 1024 2534 saepius
1040 2458 1084 2516 uri
1099 2467 1149 2522 201

102 2539 242 2617 prodest,
260 2539 420 2618 eademque
432 2539 552 2599 materia
564 2537 642 2597 aliud
653 2539 748 2615 gignit
763 2539 862 2616 primis
878 2539 1015 2615 ignibus,
1032 2539 1107 2601 aliud

103 2622 257 2699 secundis,
278 2623 355 2683 aliud
368 2625 482 2700 tertiis,
504 2620 618 2701 quando
632 2622 699 2700 ipse
718 2623 808 2683 carbo
824 2622 895 2681 viris
912 2622 1023 2684 babere
1038 2625 1108 2685 inci·

103 2706 146 2804 pit
165 2707 324 2766 restinctus
352 2715 438 2784 atque
467 2708 607 2769 interisse
629 2704 758 2767 creditus
779 2707 897 2766 maioris
923 2707 954 2766 fit
980 2709 1105 2769 virtutis.

67 2804 93 2847 oo
103 2790 249 2866 inmensa,
267 2790 391 2868 inproba
406 2810 505 2852 rerum
521 2800 640 2851 naturae
655 2791 755 2870 portio
776 2799 805 2852 et
821 2792 850 2850 iu
866 2807 921 2868 qua
937 2790 1053 2851 dubium
1070 2794 1107 2852 sit

102 2872 184 2950 plura
200 2873 331 2933 absumat
346 2891 382 2934 au
398 2877 501 2953 pariat.

165 2957 248 3036 (69.)
268 2956 323 3017 Est
337 2959 391 3018 et
382 2961 454 3038 rpsis
471 2959 588 3036 ignibus
603 2960 713 3021 medica
728 2959 782 3019 vis.
809 2959 998 3037 pestilentiae
1011 2976 1086 3036 quae
1098 2970 1150 3024 202

103 3040 311 3102 obscuratione
329 3042 401 3104 solis
418 3043 644 3120 contrabitur,
635 3062 720 3121 rgues
735 3045 760 3102 si
784 3046 868 3123 liant,
891 3043 1107 3104 multiformiter

102 3124 234 3185 auxiliari
250 3135 360 3186 certum
378 3135 432 3187 est
466 3122 663 3204 Empedocles
680 3136 710 3187 et
725 3126 921 3206 Hippocrates
944 3125 974 3185 id
989 3125 1106 3185 demon·

67 3209 471 3271 ustraverediversislocis
491 3209 1105 3271 Adconvolsainterioraviscera

102 3300 161 3353 aut
178 3301 379 3372 contunsa,
391 3293 428 3355 Μ.
445 3293 617 3356 Varro—
608 3295 681 3372 rpsis
698 3295 773 3355 enim
785 3293 926 3355 verbis
898 3313 961 3354 erus
977 3302 1041 3353 utar
1050 3329 1104 3372 -,

63 3394 67 3401 '
100 3379 547 3458 pyxissit,iuquit,focus.
569 3377 1148 3457 indeeuimcinisliniuspo·2os

100 3462 361 3544 tusmedetur,
386 3463 485 3526 licet
504 3464 643 3525 ridere
666 3463 922 3542 gladiatores,
943 3479 1019 3524 cum
1042 3462 1104 3524 de·
