2378 3840
312 125 391 174 nnn.
416 125 505 174 aaran.
526 124 661 172 xxxvii.
682 123 707 178 a.
720 123 744 177 9.
761 84 909 190 (at—42.)
1052 111 1110 173 165

117 299 199 359 quam
212 298 277 340 eum
287 279 425 358 degustet
440 279 558 339 invicia
573 278 686 339 desinat
704 278 811 355 fulgor,
828 277 887 355 alii,
900 279 966 355 quia
979 278 1016 336 sit
1032 278 1112 355 quid·

116 365 179 424 dam
194 366 223 423 in
239 382 366 443 purpura
382 364 431 424 illa
445 381 504 423 non
520 382 558 423 ex
574 370 637 422 toto
656 364 773 440 igneum
788 361 842 421 sed
861 363 890 420 in
907 361 966 420 vini
983 361 1114 420 colorem

117 448 263 508 deficiens.
286 448 438 526 perlucent
453 454 548 507 antem
565 463 665 506 omnes
676 444 810 507 violaceo
827 443 947 520 decore,
959 444 1113 523 scalpturis

117 531 227 592 faciles.
259 531 356 592 lndica
377 531 540 591 ahsolutum
562 530 656 589 felicis
676 547 822 608 purpurae
844 527 973 588 colorem
994 527 1093 602 habet,
1107 537 1156 589 122

94 615 150 676 tad
160 615 237 675 hano
252 617 442 693 tinguentium
457 613 590 674 officinae
601 612 729 690 dirigunt
740 621 819 674 vota.
841 611 932 672 fundit
945 620 1040 672 autern
1050 609 1112 688 ful·

115 717 221 780 gorem
241 699 381 777 adspectu
402 697 511 758 leniter
526 695 659 756 blandum
675 714 770 775 neque
786 698 815 755 in
832 696 933 755 oculos
950 705 980 754 ut
995 694 1114 756 carbun-

116 783 173 844 culi
201 783 370 843 vibrantem.
414 781 535 840 alterum
564 799 657 857 genus
689 779 841 840 descendit
867 778 901 838 ad
929 777 1109 855 hyacinthos.
1122 795 1148 829 νε

116 866 191 926 hunc
211 865 341 925 colorem
355 864 418 924 Indi
436 881 533 924 >socon
549 872 671 940 vocant,
694 863 839 940 talemque
855 880 996 939 gemmam
1011 879 1115 922 socon·

116 948 193 1009 dion.
229 948 348 1008 dilutior
369 967 408 1008 ex
428 947 531 1008 eodem
553 964 678 1025 sapenos
704 955 842 1023 vocatur,
867 945 1025 1024 eademque
1047 944 1115 1022 pha·

83 1047 108 1089 10
117 1033 218 1092 rapitis
230 1033 260 1091 iu
274 1034 454 1092 contermino
466 1029 592 1091 Arabiae
605 1032 701 1108 gentis
714 1031 838 1090 nomine.
860 1039 990 1107 quartum
1000 1047 1093 1106 genus
1107 1037 1158 1092 123

117 1115 248 1176 colorem
268 1116 325 1175 vini
354 1114 450 1175 habet.
472 1114 617 1192 ,quintum
637 1114 673 1173 ad
693 1115 787 1174 vicina
813 1112 942 1190 crystalli
963 1111 1114 1172 descendit

117 1200 260 1260 albicante
277 1217 422 1279 purpurae
443 1198 569 1258 deiectu.
605 1197 661 1257 hoc
679 1199 803 1258 minume
820 1197 978 1276 probatur,
1002 1195 1114 1274 quando

117 1283 300 1362 praecellens
319 1282 426 1343 debeat
440 1300 509 1342 esse
531 1283 560 1340 in
577 1291 715 1360 suspectu
730 1281 810 1341 velut
826 1299 864 1341 ex
879 1280 1054 1340 carbunculo
1070 1297 1115 1338 re·

90 1383 93 1391 ¹
116 1367 232 1443 fulgens
250 1366 363 1443 quidam
380 1365 487 1425 leviter
502 1366 531 1423 in
547 1381 674 1442 purpura
689 1381 794 1424 roseus
813 1364 904 1423 color.
945 1363 1010 1421 talis
1028 1362 1116 1439 aliqui

84 1469 107 1508 15
117 1449 223 1508 malunt
240 1448 415 1528 paederotas
435 1464 558 1523 vocare,
577 1447 624 1505 alii
640 1455 807 1523 anterotas,
823 1445 903 1504 multi
920 1444 1048 1505 Veneris
1065 1463 1115 1521 ge·

117 1549 197 1608 narn,
220 1531 297 1608 qnod
319 1549 449 1590 maxume
472 1530 586 1590 videtur
601 1530 709 1590 decere
727 1537 758 1590 et
777 1530 878 1608 specie
896 1537 926 1589 et
947 1527 1049 1588 colore
1067 1546 1116 1588 ex-

117 1624 211 1675 tremo
238 1632 379 1692 gemmae.
418 1612 568 1691 Magorum
590 1615 701 1672 vanitas
721 1612 857 1672 ebrietati
880 1630 930 1671 eas
952 1613 1095 1672 resistere
1108 1620 1158 1674 124

118 1699 260 1777 promittit
281 1706 311 1758 et
332 1697 398 1758 inde
416 1697 594 1777 appellatas,
617 1705 788 1776 praeterea,
813 1697 837 1755 si
859 1695 944 1755 lunae
964 1713 1069 1757 nomon
1083 1713 1116 1755 ac

118 1781 191 1841 solis
216 1781 390 1863 inscribatur
411 1782 496 1840 iniis
518 1789 604 1859 atque
628 1782 668 1840 ita
686 1779 931 1858 suspendanture
953 1779 1031 1839 collo
1053 1797 1115 1838 cunr

83 1880 109 1921 ao
118 1865 186 1944 pilis
208 1864 399 1943 cynocephali
419 1872 449 1924 et
470 1865 573 1942 plumis
592 1863 769 1939 hirundinis,
792 1865 936 1923 resistere
954 1863 1115 1922 veneficiis.

118 1951 172 2009 iam
192 1967 265 2009 vero
290 1948 515 2028 quoquomodo
542 1948 646 2010 adesse
672 1965 761 2024 reges
784 1947 920 2022 adituris,
949 1945 1116 2022 grandinem

118 2050 234 2111 quoque
255 2042 391 2092 avertere
409 2051 442 2091 ac
461 2033 589 2092 locustas
605 2034 775 2111 precatione
791 2030 886 2091 addita
902 2047 985 2108 quarn
1000 2029 1117 2089 damon-

119 2122 219 2174 strant.
257 2131 389 2174 necnon
410 2116 439 2173 in
453 2115 612 2191 zmaragdis
628 2132 746 2193 quoque
765 2113 870 2174 similia
888 2115 1069 2191 promisere,
1091 2115 1115 2171 si

119 2196 234 2275 aquilae
254 2197 455 2275 scalperentur
480 2204 527 2255 aut
548 2198 717 2272 scarabaei,
741 2215 814 2275 quae
832 2197 946 2275 quidem
961 2197 1117 2275 scripsisse

82 2300 108 2339 aa
121 2297 177 2340 eos
189 2298 247 2339 non
261 2281 324 2339 sine
340 2286 507 2356 contemptu
526 2288 555 2337 et
569 2280 660 2338 inrisu
675 2281 795 2356 generis
810 2280 922 2338 humani
939 2278 1075 2338 arbitror.

183 2362 263 2441 (41.)
281 2361 401 2422 lliulturn
416 2360 452 2422 ab
468 2361 521 2420 hao
536 2361 623 2420 distat
638 2360 821 2440 hyacinthos,
837 2361 872 2421 ab
889 2362 985 2420 vicino
1001 2370 1159 2426 tamen125

119 2447 221 2508 colore
239 2445 427 2507 descendens.
463 2443 627 2505 differentia
644 2443 717 2504 hacc
732 2453 778 2503 est
788 2487 797 2522 ,
819 2444 897 2522 quod
917 2444 968 2503 ille
985 2445 1110 2504 emicans
1125 2465 1159 2499 ¹²2

66 2528 68 2532 '
119 2531 147 2588 in
171 2530 333 2606 amethysto
354 2529 453 2606 lulgor
476 2527 624 2587 violaceus
651 2527 768 2586 diluitur
788 2527 943 2604 hyacintho
966 2529 1116 2605 primoque

119 2613 259 2691 adspectu
270 2621 369 2689 gratus
383 2613 530 2672 evanescit
542 2618 694 2689 antequam
707 2611 803 2688 satiet,
811 2610 943 2687 adeoquo
956 2627 1013 2669 non
1026 2610 1117 2688 inplet

85 2695 222 2755 coculos
243 2703 274 2754 ut
294 2713 388 2774 paene
409 2712 466 2755 non
488 2697 626 2772 attingat,
647 2712 829 2754 marcescens
851 2693 977 2754 celerius
994 2694 1117 2752 nominis

120 2779 163 2839 sui
181 2778 265 2840 flore.
1094 2797 1125 2840 rr,
1137 2796 1161 2832 aa

181 2862 261 2941 (42.)
283 2861 460 2938 Hyacinthus
475 2862 634 2940 Aethiopia
649 2862 734 2920 mittit
749 2867 779 2920 et
793 2859 990 2936 chrysolithos
1007 2869 1160 2923 aure0126

119 2945 235 3022 fulgore
248 2945 427 3006 tralucentis.
450 2946 654 3024 praeferuntur
665 2945 709 3004 his
721 2942 838 3003 Indicae
853 2952 894 3022 et,
908 2946 932 3004 si
949 2945 1046 3004 variae
1059 2961 1118 3003 non

121 3029 193 3105 sint,
215 3028 388 3089 Tibarenae.
421 3028 595 3088 deterrimae
616 3037 710 3090 autem
724 3026 887 3104 Arabicae,
910 3028 1043 3104 quoniam
1060 3035 1117 3085 tur-

85 3111 205 3174 cshidae
230 3121 296 3172 sunt
318 3120 349 3172 et
369 3114 467 3171 variae
488 3119 518 3171 et
538 3111 663 3188 fulgoris
680 3110 859 3189 interpellati
878 3108 978 3169 nubilo
996 3109 1116 3170 macula·

120 3214 200 3272 rum,
221 3197 306 3256 etiam
329 3213 402 3273 quae
424 3194 558 3272 limpidae
584 3195 735 3271 contigere
757 3194 848 3252 veluti
870 3193 962 3254 scobe
978 3192 1114 3253 refertae.

121 3287 255 3358 optumae
278 3287 342 3339 sunt
363 3297 436 3358 quae
455 3279 484 3336 in
504 3278 668 3337 conlatione
683 3295 781 3337 aurum
797 3275 924 3338 albicare
939 3276 1058 3358 quadam
1073 3294 1117 3337 ar·

120 3364 201 3440 genti
222 3364 297 3423 facie
319 3371 434 3455 cogupt.
475 3359 530 3422 hac
551 3361 634 3421 lunda
655 3361 836 3421 includuntur
854 3363 1047 3440 perspicuae,
1068 3378 1116 3419 ce·
