2378 3840
99 173 158 234 110
447 185 474 234 c.
496 186 591 233 curru
612 184 762 233 succuum

96 359 201 417 magno
215 340 273 401 loci
291 339 408 400 silentio
427 342 492 402 talis
508 344 657 404 admiratio
676 348 729 399 est.
761 340 867 419 quade
884 358 970 399 causa
985 341 1102 418 ignora-

97 433 143 484 tur
158 425 265 485 artifex
282 425 345 484 eius
358 441 474 502 quoque
488 421 615 482 Veneris
631 440 713 502 quam
726 422 926 503 Vespasianus
941 426 1102 502 imperator

52 519 88 574 28
99 509 129 567 in
145 509 286 587 operibus
297 506 382 566 Pacis
398 525 468 567 suae
485 506 590 566 dicavit
607 509 788 585 antiquorum
804 508 918 585 dignam
933 508 1015 568 fama.
1046 507 1102 568 Par

96 591 252 652 haesitatio
278 593 375 650 estin
397 590 510 671 templo
531 589 678 668 Apollinis
700 591 832 669 Sosiani,
851 590 965 652 Niobae
988 592 1101 652 liberos

96 677 247 736 morientis
264 675 374 753 Scopas
398 693 433 735 an
449 674 613 734 Praxiteles
637 675 762 753 lecerit,
784 677 854 736 item
869 675 954 735 lanus
971 685 1055 754 pater
1071 677 1122 736 ins

96 778 150 820 suo
167 759 276 837 templo
295 758 406 819 dicatus
428 758 463 818 ab
482 757 618 834 Augusto
641 777 679 818 ex
693 757 833 838 Aegypto
851 759 991 819 advectus
1008 760 1101 818 utrius

95 861 194 903 manus
210 843 256 918 sit,
274 845 329 902 iam
352 843 467 920 quidem
486 850 516 901 et
532 860 603 902 auro
620 843 791 905 occultatus.
823 843 956 902 similiter
974 845 1003 903 in
1021 844 1101 902 curia

97 925 235 987 Octaviae
254 927 404 1005 quaeritur
426 926 461 986 de
478 923 621 1004 Cupidine
641 925 749 986 fulmen
767 935 899 987 tenente.
935 927 963 986 id
989 926 1102 986 demum

96 1010 275 1088 adfirmatur,
300 1009 472 1070 Alcibiaden
494 1029 562 1070 esse
584 1011 745 1089 prinoipem
766 1012 858 1071 lorma
882 1013 911 1070 in
937 1029 970 1070 ea
993 1018 1099 1070 aetate.

54 1103 88 1159 29
99 1092 189 1154 Multa
208 1096 237 1154 iu
255 1095 356 1155 eadem
372 1094 472 1154 schola
491 1095 554 1153 sine
571 1095 738 1154 auctoribus
756 1093 888 1172 placent:
906 1094 1002 1170 Satyri
1021 1104 1137 1172 quat-ro

97 1185 183 1255 tuor,
207 1198 244 1238 ex
263 1178 368 1256 quibus
392 1196 464 1236 nnus
482 1175 618 1237 Liberum
634 1186 745 1255 patrem
762 1178 837 1256 palla
853 1178 977 1238 velatum
993 1179 1101 1237 umeris

100 1263 252 1339 praefert,
273 1260 348 1320 alter
361 1259 496 1320 hiberam
517 1260 667 1337 similiter,
692 1263 796 1321 tertius
818 1261 962 1340 ploratum
984 1263 1101 1321 infantis

98 1343 229 1422 cohibet,
248 1353 366 1422 quartus
384 1352 499 1404 cratere
516 1344 635 1405 alterius
652 1346 730 1404 sitim
745 1345 839 1422 sedat,
854 1345 987 1423 duaeque
1002 1344 1101 1405 Aurae

97 1428 281 1488 velificantes
306 1446 357 1488 sua
379 1436 474 1487 veste.
515 1447 571 1488 nec
596 1430 691 1488 minor
711 1431 845 1506 quaestio
870 1439 916 1490 est
940 1432 969 1489 in
990 1430 1101 1507 saeptis

98 1511 250 1591 Olympum
266 1520 297 1572 et
311 1511 399 1588 Pana,
416 1508 572 1572 Chironem
587 1531 649 1572 cum
665 1512 781 1572 Achille
796 1515 844 1590 qui
860 1515 1001 1589 fecerint,
1018 1531 1102 1591 prae·
1113 1538 1136 1578 ra

55 1599 201 1662 cusentin
213 1615 277 1655 cum
290 1596 406 1674 capitali
419 1594 610 1656 satisdatione
622 1597 694 1656 fama
705 1597 812 1657 iudicet
825 1598 939 1675 dignos.
970 1598 1013 1676 [91
1031 1597 1101 1657 Soo-

9 1683 10 1686 ’
99 1697 150 1758 pas
167 1680 267 1739 habuit
282 1680 412 1740 aemulos
431 1679 532 1740 eadem
554 1689 651 1740 aetate
670 1680 805 1756 Bryaxim
823 1691 852 1741 et
870 1680 1052 1741 Timotheum
1071 1689 1102 1740 et

96 1761 285 1840 Leocharen,
305 1762 342 1823 de
364 1761 470 1842 quibus
488 1764 571 1824 simul
589 1764 739 1824 dicendum
755 1773 817 1842 est,
837 1767 972 1844 quoniam
990 1766 1102 1842 pariter

100 1849 261 1919 caelavere
275 1846 465 1907 Mausoleum.
501 1848 686 1926 sepulchrum
707 1848 763 1908 hoc
784 1857 831 1907 est
851 1849 886 1909 ab
904 1867 997 1910 uxore
1013 1847 1101 1907 Arte-

98 1933 180 1992 misia
201 1933 307 1992 lactum
328 1930 461 1991 Mausolo
490 1930 594 1991 Cariae
607 1931 737 2008 regulo,
759 1935 807 2010 qui
832 1933 905 1992 obiit
929 1932 1135 2010 olympiadis20

100 2013 189 2075 cvii.
204 2032 278 2075 anno
296 2015 433 2074 secundo.
466 2032 543 2093 opus
555 2015 583 2074 id
599 2023 630 2074 ut
644 2024 726 2075 esset
742 2017 819 2076 inter
835 2025 950 2095 septem
965 2015 1100 2077 miracula

98 2099 127 2158 hi
143 2116 274 2157 maxume
292 2099 394 2157 fecere
411 2098 546 2158 artifices.
579 2107 662 2177 patet
680 2099 716 2158 ab
733 2107 832 2161 austro
848 2109 879 2160 et
897 2102 1100 2180 septentrione

99 2188 244 2242 centenos
260 2199 427 2257 sexagenos
446 2191 546 2242 ternos
564 2182 674 2261 pedes,
691 2183 811 2245 brevius
826 2204 841 2245 a
857 2186 1020 2261 frontibus,
1037 2192 1101 2242 toto

98 2267 247 2326 circumitu
260 2264 351 2343 pedes
366 2262 589 2344 CGCGXXXX,
600 2267 744 2328 attollitur
756 2271 785 2329 in
797 2269 977 2330 altitudinem
988 2266 1101 2327 XXXX

100 2350 222 2427 cubitis,
239 2351 365 2427 cingitur
380 2351 520 2411 columnis
535 2353 653 2429 triginta
669 2371 731 2413 sex.
762 2361 869 2431 pteron
883 2370 1029 2414 vocavere
1046 2353 1101 2410 cir·
1112 2377 1137 2418 25

56 2445 89 2502 31
103 2435 245 2494 comitum.
284 2434 319 2493 ab
337 2435 453 2496 oriente
469 2436 593 2496 caelavit
612 2436 741 2515 Scopas,
761 2453 777 2494 a
794 2437 997 2513 septentrione
1012 2434 1101 2509 Brya-

99 2520 162 2595 xis,
186 2537 201 2576 a
223 2517 344 2578 meridie
359 2517 545 2597 Timotheus,
567 2520 602 2581 ab
625 2537 730 2580 occasu
750 2516 935 2593 Leochares,
962 2518 1101 2593 priusque

39 2666 41 2670 ,
100 2620 182 2680 quam
201 2610 382 2680 peragerent
396 2606 497 2681 regina
518 2604 601 2664 obiit.
640 2621 698 2662 non
721 2609 816 2660 tamen
840 2608 1029 2660 recesserunt
1045 2601 1101 2658 uisi

100 2685 241 2750 absoluto,
253 2687 325 2762 iam,
342 2686 370 2746 id
383 2686 497 2763 gloriae
513 2690 642 2766 ipsorum
659 2685 788 2763 artisque
808 2686 1014 2745 monimentum
1030 2683 1102 2744 iudi·

102 2778 220 2845 cantes,
237 2768 384 2845 hodieque
401 2778 513 2830 certant
527 2787 634 2829 manus.
666 2771 792 2829 accessit
809 2778 840 2830 et
855 2771 970 2848 quintus
985 2769 1100 2830 artilex.
1111 2791 1137 2833 oo

100 2868 222 2928 namque
240 2869 327 2929 supra
343 2861 450 2928 pteron
463 2855 589 2932 pyramis
604 2851 784 2913 altitudinem
799 2854 969 2915 inferiorem
984 2861 1101 2932 aequat,

101 2935 203 3012 viginti
222 2942 359 3012 quattuor
383 2936 521 3012 gradibus
543 2938 572 2995 in
593 2945 688 2997 metae
706 2954 842 2999 cacumen
860 2957 893 2999 sc
914 2937 1100 2998 contrahens.

23 3037 27 3044 ·
101 3020 130 3078 in
155 3034 263 3078 summo
285 3026 331 3077 est
353 3018 492 3098 quadriga
512 3020 672 3082 marmorea
694 3040 777 3100 quam
801 3023 872 3084 lecit
886 3021 997 3100 Pythis.
1029 3022 1103 3081 haec

102 3104 214 3164 adiecta
228 3112 342 3163 centum
358 3104 545 3183 quadraginta
559 3104 663 3184 pedum
685 3105 835 3168 altitudine
858 3116 951 3167 totum
969 3124 1042 3186 opus
1060 3107 1102 3164 in-

59 3187 202 3252 aacludit.
247 3189 313 3268 [10]
345 3188 489 3250 Timothei
514 3208 597 3249 manu
620 3189 711 3250 Diana
736 3191 847 3252 Romae
872 3200 918 3251 est
940 3193 970 3251 in
991 3190 1136 3251 Palatioaa

102 3272 249 3353 Apollinis
267 3271 407 3352 delubro,
429 3275 473 3334 cui
495 3275 580 3352 signo
601 3283 688 3353 caput
702 3279 835 3355 reposuit
852 3275 992 3337 Avianius
1008 3273 1102 3334 Evan-

104 3357 167 3418 der.
198 3358 231 3418 ln
251 3376 354 3436 magna
373 3359 561 3419 admiratione
584 3367 629 3419 est
651 3358 794 3422 Hercules
812 3361 985 3422 Menestrati
1001 3365 1031 3418 et
1044 3354 1102 3415 lle·

94 3449 163 3500 cate
176 3440 296 3519 Ephesi
313 3445 346 3504 in
367 3443 477 3525 templo
489 3443 600 3504 Dianae
622 3451 691 3522 post
712 3443 814 3506 aedem
829 3447 859 3505 in
881 3446 961 3504 cuius
975 3448 1102 3502 contem·
