2378 3840
285 219 365 266 nar.
390 218 481 267 urar.
500 183 611 267 xxxv.
632 218 659 273 9·
686 219 728 270 102
748 204 900 288 (ot-36.)
1058 207 1098 269 79

91 391 183 454 posse
204 373 334 453 diceret,
354 375 439 434 sicuti
457 374 624 434 Alcmenam
645 374 873 451 Agragentinis,
893 373 969 433 Pana
987 374 1098 436 Arche·

92 458 148 517 lao.
191 457 262 516 iecit
278 466 308 517 et
328 457 500 536 Penelopen
523 459 552 517 in
568 475 623 536 qua
640 458 772 535 pinxisse
786 475 885 518 mores
903 457 1036 534 videtur,
1063 467 1093 518 et
1106 467 1142 522 66

92 541 244 617 athletam,
262 541 395 620 adeoque
407 543 437 601 in
452 541 504 601 illo
521 541 577 602 sibi
593 541 701 620 placuit
717 550 748 600 ιιι
766 559 881 601 versum
897 540 1098 601 subscriberet

91 624 241 686 celebrem
253 643 291 686 ex
305 644 359 702 eo,
375 626 533 685 invisurum
549 625 671 702 aliquem
687 625 801 684 iacilius
817 642 900 703 quam
914 626 1096 684 imitaturum.

69 706 260 786 sanguineus
280 719 326 768 est
348 717 378 769 et
392 707 525 788 luppiter
544 711 606 769 eius
623 711 652 769 in
670 708 775 768 throno
799 707 979 769 adstantibus
1002 706 1045 767 dis
1067 717 1098 767 et

90 791 233 853 Hercules
258 794 352 852 inians
369 793 511 854 dracones
528 792 712 871 strangulans
727 792 867 852 Alcmena
888 799 980 852 matre
1000 808 1098 851 coram

91 886 217 954 pavente
234 886 264 936 et
280 876 503 954 Amphitryone.
534 875 760 956 reprehenditur
775 885 870 936 tamen
886 894 941 936 ceu
955 874 1096 954 grandior
1106 882 1142 940 64

91 962 120 1018 in
143 961 288 1038 capitibus
305 959 514 1037 articulisque,
536 961 643 1039 alioqui
661 968 755 1019 tantus
779 958 931 1037 diligentia
953 969 984 1019 ut
1002 958 1096 1036 Agra·

91 1044 219 1119 gentinis
238 1043 365 1103 iacturas
393 1042 518 1103 tabulam
541 1061 625 1122 quam
646 1043 801 1121 intemplo
823 1042 942 1103 lunonis
963 1042 1097 1102 laciniae

57 1137 81 1179 ιθ
91 1124 209 1204 publice
225 1125 356 1187 dicarent
372 1129 537 1205 inspexerit
551 1129 681 1205 virgines
700 1143 802 1186 eorum
819 1127 908 1187 nudas
923 1135 953 1187 et
971 1127 1097 1204 quinque

91 1210 235 1288 elegerit,
249 1220 280 1270 ιιι
298 1211 375 1288 quod
390 1213 419 1271 in
437 1229 552 1289 quaque
567 1210 709 1271 laudatum
722 1219 805 1273 esset
821 1213 931 1290 pictura
950 1210 1096 1271 redderet.

91 1295 184 1373 pinxit
199 1302 230 1356 et
244 1295 481 1356 monochromata
496 1315 534 1355 ex
547 1296 623 1355 albo.
643 1296 687 1374 [3]
697 1296 848 1374 Aequales
866 1297 929 1355 eius
944 1305 975 1356 et
993 1294 1097 1355 aemuli

90 1378 173 1438 iuere
192 1377 375 1455 Timanthes,
392 1378 601 1456 Androcydes,
622 1379 810 1458 Eupompus,
833 1379 1011 1439 Parrhasius.
1044 1381 1093 1440 to.
1106 1387 1140 1442 65

90 1460 288 1520 Descendisse
304 1461 352 1521 hic
375 1463 404 1521 in
425 1471 573 1522 certamen
591 1480 654 1521 cum
669 1461 800 1523 Zeuxide
817 1462 948 1522 traditur.
980 1470 1011 1521 et
1034 1478 1107 1524 cum:-

56 1559 80 1599 ιι
90 1543 141 1603 ille
157 1542 313 1602 detulisset
328 1562 399 1604 uvas
416 1545 509 1622 pictas
524 1554 603 1605 tanto
620 1563 759 1605 successu
775 1554 806 1604 ut
827 1547 857 1604 in
872 1562 1006 1605 scaenam
1027 1504 1154 1604 aves'bs

91 1625 281 1702 advolarent,
306 1629 372 1706 ipse
396 1627 538 1688 detulisse
564 1629 685 1688 linteum
707 1630 815 1706 pictum
837 1629 876 1688 ita
901 1631 1028 1689 veritate
1050 1645 1107 1699 re·,

90 1718 276 1789 praesentata
298 1719 327 1770 ut
351 1709 459 1772 Zeuxis
480 1711 579 1771 alitum
601 1712 708 1772 iudicio
731 1720 844 1771 tumens
867 1711 1012 1791 flagitaret
1036 1720 1097 1771 tau·

91 1794 155 1855 dem
171 1804 286 1854 remoto
303 1794 395 1855 linteo
421 1794 535 1856 ostendi
553 1797 696 1874 picturam
718 1803 805 1872 atque
822 1795 975 1856 intellecto
993 1790 1110 1881 errore}

90 1879 268 1940 concederet
289 1879 411 1957 palmam
426 1880 555 1958 ingenuo
571 1879 700 1959 pudore,
723 1879 857 1957 quoniam
872 1879 939 1957 ipse
961 1878 1108 1938 volucres¹

55 1978 80 2019 ao
90 1962 259 2039 ieiellisset,
275 1963 446 2051 Pfflrbaaius
463 1973 558 2024 autem
573 1984 607 2025 se
623 1964 775 2024 artificem.
793 1964 836 2043 [4]
851 1963 957 2024 Fertur
972 1973 1002 2023 et
1016 1966 1140 2123 post-qod

91 2065 125 2107 ea
152 2046 259 2108 Zeuxis
286 2049 417 2126 pinxisse
443 2067 562 2128 puerum
593 2067 663 2110 uvas
691 2049 852 2127 ferentem,
887 2048 922 2108 ad
944 2065 1014 2126 quas
1034 2064 1097 2106 cum

90 2131 277 2191 advolassent
297 2151 386 2209 aves,
410 2133 511 2193 eadem
527 2134 709 2211 ingenuitate
730 2133 877 2212 processit
898 2134 988 2192 iratus
1013 2131 1097 2209 operi

91 2223 121 2273 et
137 2211 225 2273 dixit:
242 2231 313 2273 uvas
329 2216 432 2274 melius
448 2218 527 2293 pinxi
544 2235 626 2293 quam
642 2236 773 2296 puerum,
790 2236 853 2277 nam
870 2219 895 2277 si
911 2225 942 2277 et
957 2217 1013 2277 hoc
1029 2233 1098 2276 cou-

92 2300 295 2373 summassem,
314 2315 385 2356 aves
406 2298 510 2358 timere
525 2299 696 2360 debuerant.
724 2299 808 2360 Fecit
830 2311 860 2360 et
875 2301 974 2378 figlina
994 2317 1096 2378 opera,

56 2392 80 2433 ιι
91 2397 166 2458 quae
183 2380 247 2441 sola
263 2381 292 2439 in
308 2380 462 2440 Ambracia
479 2379 580 2442 relicta
598 2391 683 2459 sunt,
700 2401 762 2442 cum
779 2383 846 2442 iude
864 2382 960 2443 illusas
977 2382 1097 2442 Fulvius

89 2464 227 2526 Nobilior
245 2464 366 2524 Romam
386 2465 568 2525 transferret.
599 2462 837 2525 Zeuxidis‘manu
852 2464 962 2524 Romae
985 2464 1098 2525 llelena

91 2558 137 2609 est
150 2551 180 2609 in
197 2549 322 2628 Philippi
343 2548 522 2628 porticibus,
542 2557 573 2608 et
586 2550 615 2608 in
633 2545 815 2608 Concordiae
827 2547 951 2607 delubro
966 2547 1097 2623 Marsyas

91 2633 243 2709 religatus.
260 2634 304 2712 [5]
316 2632 486 2713 Parrhasius
501 2632 613 2711 Ephesi
632 2640 715 2691 natus
732 2634 841 2710 etipse
857 2630 945 2691 multa
961 2620 1138 2747 contulitqbl

91 2716 199 2793 primus
220 2710 406 2793 symmetrian
415 2716 555 2794 ''picturae
582 2716 678 2793 dedit,
701 2717 808 2794 primus
835 2717 964 2793 argutias
990 2708 1108 2792 voltuslp

58 2812 83 2853 ao
93 2799 267 2876 elegantiam
283 2799 396 2877 capilli,
415 2809 597 2860 venustatem
612 2800 686 2868 oris,
705 2799 896 2859 confessione
910 2799 1051 2859 artihcum
1068 2801 1105 2859 in:

93 2881 169 2941 liniis
191 2883 330 2942 extremis
354 2883 474 2961 palmam
493 2884 627 2962 adeptus.
665 2881 745 2943 llaec
764 2890 810 2943 est
835 2884 965 2962 picturae
991 2884 1106 2944 summass

92 2964 248 3043 suptilitas.
279 2983 405 3043 corpora
421 2968 497 3026 enim
511 2968 636 3045 pingere
654 2975 684 3026 et
700 2966 794 3027 media
809 2984 906 3027 rerum
921 2976 968 3027 est
984 2966 1109 3045 quidemz

91 3051 185 3125 magni
203 3050 303 3128 operis
319 3048 371 3109 sed
390 3051 491 3128 inquo
508 3051 588 3110 multi
601 3049 725 3128 gloriam
736 3051 867 3127 tulerint,
884 3059 1015 3111 extrema
1032 3054 1111 3125 cor-'2

92 3149 194 3211 porum
209 3134 309 3194 iacere
326 3141 356 3192 et
375 3132 536 3194 desinentis
554 3135 684 3212 picturae
705 3133 820 3193 modum
835 3134 984 3194 includere
1002 3136 1113 3217 rarum?l

56 3218 119 3276 nain
136 3235 275 3278 successu
294 3218 364 3276 artis
387 3219 542 3277 invenitur.
574 3218 684 3278 ambire
700 3219 776 3278 enirn
799 3236 832 3277 se
849 3218 913 3296 ipsa
937 3217 1026 3277 debet
1042 3235 1091 3275 ex·
1103 3222 1138 3279 68

91 3298 222 3362 tremitas
239 3310 269 3361 et
285 3302 328 3360 sic
337 3300 474 3362 desinere
491 3311 521 3361 ιιι
536 3303 684 3381 promittat
699 3302 755 3363 alia
774 3309 841 3380 post
857 3320 890 3361 se
906 3300 1098 3379 ostendatque

91 3386 179 3446 etiam
194 3404 268 3465 quae
285 3385 421 3448 occultat.
457 3384 530 3446 hauc
553 3391 580 3448 ei
601 3386 726 3464 gloriam
743 3403 922 3447 concessere
938 3384 1098 3462 Antigonus

91 3477 122 3528 et
145 3469 329 3531 Xenocrates
360 3471 408 3549 qui
425 3470 462 3531 de
486 3472 597 3549 pictura
619 3473 789 3552 scripsere,
809 3469 1020 3549 praedicantes
1032 3484 1109 3536 ops·
