2378 3840
131 191 190 252 112
468 199 498 263 o.
516 201 612 248 emm
633 199 782 248 suenum

87 353 339 422 38Athenodorus
359 352 474 414 Rhodii.
520 353 654 414 similiter
675 353 818 413 Palatinas
841 353 944 414 domos
967 351 1123 413 Caesarum

130 439 286 516 replevere
321 437 533 516 probatissimis
568 439 659 516 signis
689 435 827 497 Craterus
854 454 917 496 curn
941 436 1123 515 Pythodoro,

129 521 311 598 Polydeuces
328 539 391 580 cum
402 520 575 598 Hermolao,
591 520 774 597 Pythodorus
789 521 861 580 alius
876 539 940 580 cum
950 519 1123 597 Artemone,

130 614 161 665 et
187 605 342 681 singularis
363 603 556 683 Aphrodisius
579 603 748 665 Trallianus.
793 602 945 683 Agrippae
964 598 1124 664 Pantheum

129 688 280 748 decoravit
302 687 453 765 Diogenes
474 686 680 765 Atheniensis,
708 686 898 748 incolumnis
929 686 1029 765 templi
1059 688 1145 749 eiusu

130 769 299 847 Caryatidas
321 771 480 850 probantur
494 773 570 831 inter
590 788 681 848 pauca
703 787 842 848 operum,
864 772 938 831 sicut
959 771 988 829 in
1004 770 1122 847 fastigio

130 856 225 932 posita
249 856 331 931 signa
355 855 408 914 sed
430 863 553 933 propter
572 854 750 914 altitudinem
770 855 828 914 loci
852 855 943 914 minus
966 853 1122 914 celebrata.

87 937 197 1016 39[12]
221 937 382 998 lnhonorus
403 947 449 998 est
474 956 528 997 neo
553 937 712 1016 intemplo
736 936 796 997 ullo
817 937 959 997 Hercules
981 938 1015 998 ad
1038 954 1123 1015 quem

129 1022 220 1082 Poeni
243 1021 373 1081 omnibus
397 1022 478 1081 annis
500 1021 619 1081 humana
642 1021 875 1081 sacrificaverant
893 1023 1026 1096 victima,
1046 1020 1123 1084 humi

130 1114 208 1165 staus
224 1113 290 1164 ante
306 1105 411 1166 aditum
425 1106 555 1182 porticus
571 1104 606 1164 ad
621 1106 764 1164 nationes.
801 1104 880 1164 Sitae
901 1104 985 1164 fuere
1004 1111 1034 1162 et
1049 1102 1124 1162 'fhe-
1134 1122 1158 1163 ao

130 1188 244 1266 spiades
273 1188 307 1247 ad
334 1187 435 1247 aedem
456 1187 633 1263 Felicitatis,
662 1205 779 1265 quarum
806 1205 888 1246 uuam
907 1189 1011 1246 ornavit
1033 1204 1123 1264 eques

129 1271 275 1330 Romanus
297 1269 394 1328 lunius
415 1269 591 1345 Pisciculus,
617 1279 647 1329 ut
672 1269 757 1329 tradit
779 1270 891 1347 Varro,
914 1269 1069 1329 admiratur
1094 1278 1124 1328 et

129 1352 288 1430 Pasiteles,
307 1354 354 1430 qui
371 1360 400 1411 et
413 1355 539 1429 quinque
553 1351 698 1412 volumina
715 1354 833 1431 scripsit
848 1353 988 1413 nobilium
1003 1370 1124 1432 operum

87 1448 121 1501 to
131 1439 159 1497 in
175 1445 237 1496 toto
254 1436 337 1498 orbe.
364 1434 455 1495 Natus
471 1435 518 1496 hic
533 1437 562 1495 in
575 1434 684 1497 Graeca
699 1435 802 1496 ltaliae
818 1454 869 1497 ora
885 1445 915 1497 et
930 1437 1048 1496 civitate
1065 1434 1124 1495 lio-

129 1538 210 1580 maua
226 1519 347 1579 donatus
360 1537 423 1579 cum
439 1521 475 1579 iis
491 1519 605 1598 oppidis
617 1518 717 1579 lovem
732 1521 803 1580 fecit
816 1520 956 1580 eboreum
970 1522 1000 1578 iu
1010 1518 1123 1579 hletelli
1134 1542 1159 1582 ru

130 1604 203 1664 aede
222 1621 277 1681 qua
299 1620 415 1681 campus
433 1604 552 1680 petitur.
588 1602 692 1662 accidit
708 1605 752 1680 ei,
775 1622 838 1663 curn
855 1605 885 1663 in
904 1602 1053 1662 navalibus
1074 1603 1123 1662 ubi

34 1758 37 1763 ⁴
128 1689 209 1748 ferae
231 1685 385 1746 Africanae
409 1695 490 1746 erant
510 1704 565 1764 per
576 1703 697 1746 caveam
715 1688 830 1747 intuens
852 1686 967 1746 leonem
985 1686 1124 1762 caelaret,

128 1777 160 1829 ut
182 1788 220 1829 err
243 1770 298 1829 alia
314 1787 403 1829 cavea
417 1769 558 1847 panthera
573 1778 740 1848 erumperet
761 1787 820 1829 uon
835 1769 894 1830 levi
913 1771 1044 1848 periculo
1063 1768 1125 1829 dili·

128 1854 292 1930 gentissimi
314 1853 441 1912 artificis.
476 1854 586 1913 fecisse
616 1871 705 1930 opera
732 1853 871 1930 conplura
899 1853 1018 1930 dicitur,
1050 1871 1124 1932 quae

86 1946 117 2001 41
131 1937 236 1996 fecerit
257 1938 422 1995 nominatim
442 1953 500 1996 non
521 1936 670 1996 refertum
710 1937 773 2016 [13]
801 1934 984 1997 Arcesilaum
1008 1951 1160 2015 quoqueao

127 2019 289 2096 magnificat
313 2018 426 2094 Varro,
447 2020 528 2078 cuius
555 2038 588 2078 sc
614 2037 803 2079 marmoream
826 2019 964 2081 habuisse
992 2020 1124 2081 leaenam

128 2103 316 2178 aligerosque
338 2099 464 2161 ludentis
485 2119 548 2160 cum
564 2119 598 2161 ea
616 2099 790 2181 Cupidines,
814 2121 936 2181 quorum
952 2104 999 2164 alii
1017 2101 1123 2179 religa·

127 2193 184 2243 tarn
205 2191 360 2260 tenerent,
386 2183 434 2243 alii
460 2202 550 2244 cornu
578 2194 720 2264 cogerent
742 2186 864 2265 bibere,
893 2187 942 2247 alii
967 2188 1124 2247 calciarent

128 2268 242 2344 soccis,
266 2269 357 2326 omnis
379 2287 416 2326 ex
440 2286 497 2328 uno
517 2268 622 2347 lapide.
657 2271 734 2330 idem
749 2279 780 2331 et
795 2289 810 2331 a
827 2268 962 2350 Coponio
976 2270 1059 2330 Xllll
1077 2287 1124 2329 ua·

129 2353 226 2411 tiones
242 2369 316 2429 quae
335 2359 401 2410 sunt
417 2354 494 2413 circa
510 2352 678 2432 Pompeium
692 2355 782 2414 factas
802 2362 983 2429 auctorest,
1000 2353 1064 2431 [14]
1082 2355 1160 2413 inas

86 2452 116 2495 er,
129 2454 152 2489 uo
163 2435 251 2494 venio
273 2443 304 2495 et
320 2432 481 2496 Canachum
501 2437 645 2496 laudatum
661 2440 737 2496 inter
754 2436 910 2496 statuarios
925 2437 1034 2494 fecisse
1049 2453 1121 2494 mar-

85 2527 236 2579 timoren.
279 2535 333 2578 nec
353 2517 472 2579 Sauram
497 2528 583 2597 atque
603 2519 773 2580 Batrachum
803 2516 964 2577 oblitterari
986 2520 1123 2579 convenit

127 2603 174 2679 qui
196 2603 296 2662 fecere
319 2602 425 2679 templa
446 2601 584 2663 Octaviae
611 2600 772 2680 porticibus
792 2598 901 2660 inclusa
926 2601 1044 2661 natione
1066 2603 1123 2680 ipsi

126 2682 268 2746 Lacones.
306 2685 419 2762 quidam
440 2694 470 2744 et
492 2685 595 2762 opibus
617 2683 928 2765 praepotentis-fuisse
950 2702 1002 2744 eos
1021 2694 1123 2763 putant

128 2784 162 2824 ac
182 2786 233 2827 sua
261 2771 382 2845 inpensa
403 2769 602 2827 construxisse
628 2768 846 2844 inscriptionem
875 2770 1035 2846 sperantis,
1066 2787 1160 2848 quaao

128 2857 233 2924 negata
249 2849 305 2908 hoc
321 2858 415 2910 tamen
431 2850 488 2910 alio
500 2849 585 2909 modo
602 2867 767 2928 usurpasse.
792 2859 858 2911 sunt
873 2861 955 2912 certe
971 2854 1123 2914 etiamnum

126 2931 155 2990 in
178 2930 371 2991 columnarum
394 2933 481 3010 spiris
503 2933 646 3010 insculpta
666 2935 808 2995 nominum
830 2953 930 2996 eorum
950 2945 1121 3013 argumento

84 3024 119 3079 te
130 3013 240 3075 lacerta
262 3023 348 3092 atque
370 3033 447 3075 rana.
489 3016 517 3074 in
539 3015 617 3076 lovis
639 3017 711 3077 aede
732 3037 771 3079 ex
791 3021 826 3079 iis
841 3023 953 3098 pictura
968 3020 1121 3098 cultusque

126 3097 256 3176 reliquos
271 3100 361 3158 omnis
378 3098 510 3159 femineis
527 3102 702 3178 argumentis
724 3111 855 3182 constat,
878 3112 942 3163 erat
957 3105 1032 3163 enirn
1046 3105 1121 3164 facta

126 3182 239 3260 lunoni,
255 3182 318 3260 sed,
334 3201 397 3242 curn
410 3184 585 3244 inferrentur
596 3186 689 3263 signa,
702 3195 884 3264 permutasse
895 3188 990 3265 geruli
1008 3187 1120 3248 tradun·
1131 3207 1157 3248 ss

127 3275 189 3344 tur,
206 3276 236 3326 et
252 3266 279 3326 id
294 3267 438 3346 religione
453 3267 625 3327 custoditum
644 3269 726 3328 velut
739 3272 810 3349 ipsis
829 3271 871 3332 dis
887 3272 986 3332 sedern
1001 3273 1041 3332 ita
1056 3289 1121 3350 par·

127 3352 195 3410 titis.
232 3369 305 3427 ergo
329 3360 359 3412 et
380 3353 409 3410 in
422 3350 540 3411 lunonis
557 3351 629 3412 aede
649 3352 742 3413 cultus
762 3364 807 3415 est
830 3357 877 3433 qui
892 3354 972 3415 lovis
989 3374 1057 3416 esse
1073 3354 1122 3414 de·

113 3431 187 3492 bur‘t.
232 3435 307 3514 [15]
324 3435 399 3497 Sunt
419 3445 450 3497 et
472 3437 501 3496 iu
522 3435 651 3516 parvolis
666 3440 835 3501 marmoreis
850 3439 954 3499 famam
970 3440 1121 3500 consecuti
