2378 3840
298 197 378 244 xus.
395 197 486 246 mss.
502 197 607 243 xxxv.
623 193 732 248 15—17
755 185 905 264 (ca-57.)
1033 189 1090 250 103

91 353 207 429 guinem
220 352 440 430 exspuentibus,
454 350 677 429 emplastrisque
688 368 761 429 quae
778 350 905 411 siccandi
923 369 1008 412 causa
1023 372 1091 414 con·

91 443 247 513 ponuntur,
264 435 411 495 oculorum
430 452 546 512 quoque
562 433 777 494 medicamentis
792 435 960 494 miscentur.

150 516 230 600 (54.)
243 517 357 578 Eretria
369 518 491 578 totidem
505 517 685 577 differentias
697 516 796 593 hahet,
814 535 936 596 namque
950 528 996 578 est
1008 519 1073 580 alba
1085 533 1134 588 iub

92 610 122 662 et
137 603 264 680 cinerea,
281 620 354 681 quae
370 602 535 681 praefertur
551 602 580 660 in
595 600 744 660 medicina.
772 600 912 679 probatur
926 601 1047 662 mollitia
1063 612 1092 663 et

67 685 186 764 equod,
206 688 230 745 si
250 705 320 746 aere
343 687 531 765 perducatur,
550 684 703 745 violacium
718 683 813 744 reddit
828 684 968 745 colorem.
1002 687 1093 747 viset

90 770 165 829 ratio
183 771 245 829 eius
261 772 290 829 in
305 770 446 830 medendo
463 769 539 828 dicta
556 778 602 828 est
615 770 693 827 iuter
706 770 862 846 pigmenta.
1102 789 1125 824 rr

147 851 228 932 (55.)
245 851 369 913 havatur
391 854 482 912 omnis
499 861 577 912 terra
595 888 629 896 -
651 853 680 910 in
696 851 752 911 hoc
770 853 845 912 enim
859 852 926 913 loco
943 853 1070 914 dicemus
1086 863 1135 918 193

89 937 264 1015 -perlusa
288 953 360 1014 aqua
378 938 542 1012 siccataque
558 935 687 1012 solibus,
709 937 814 996 iterum
831 954 870 996 ex
886 955 959 1015 aqua
976 939 1042 997 trita
1059 956 1092 997 ac

45 1033 46 1036 ’
91 1020 238 1097 reposita,
257 1018 352 1078 donec
365 1019 498 1078 considat
512 1027 542 1077 et
557 1019 652 1096 digeri
670 1021 766 1097 possit
781 1020 811 1078 in
827 1020 971 1098 pastillos.
994 1023 1093 1098 coqui·

57 1111 137 1161 aotur
151 1104 180 1160 io
196 1101 335 1160 calicibus
352 1101 458 1161 crebro
475 1103 633 1161 concussis.

154 1185 237 1267 (56.)
253 1184 307 1244 Est
327 1187 357 1244 in
371 1185 606 1245 medicaminibus
623 1193 652 1244 et
670 1182 741 1245 chia
761 1195 839 1246 terra
856 1186 1019 1264 candicans,
1036 1187 1135 1252 ei·194

90 1270 185 1330 lectus
201 1269 331 1329 eiusdem
346 1271 394 1348 qui
403 1268 525 1330 Samiae.
550 1289 618 1329 usus
631 1270 666 1330 ad
681 1269 832 1329 mulierum
841 1287 972 1330 maxume
987 1279 1092 1348 cutem,

91 1352 166 1413 idem
188 1361 217 1414 et
233 1353 406 1414 Selinusiae.
440 1354 528 1413 lactei
549 1353 659 1414 coloris
674 1363 720 1414 est
736 1353 808 1413 haec
826 1362 856 1413 et
870 1371 943 1432 aqua
960 1352 1029 1414 dilui
1045 1374 1093 1414 ce·

90 1436 223 1513 lerrima,
249 1437 349 1497 eadem
372 1437 448 1496 lacte
470 1436 560 1496 diluta
579 1439 769 1496 tectoriorum
789 1436 898 1496 albaria
915 1437 1092 1516 interpolan-

57 1529 147 1580 mtur.
192 1519 316 1597 Pnigitis
338 1519 473 1580 Eretriae
498 1519 640 1579 simillima
663 1528 725 1596 est,
751 1519 955 1595 grandioribus
986 1529 1093 1579 tantum

90 1602 205 1681 glaebis
222 1603 445 1682 glutinosaque,
464 1602 587 1663 effectus
604 1605 666 1663 eius
682 1602 758 1662 idem
774 1605 822 1681 qui
838 1600 994 1681 Cimoliae,
1016 1603 1092 1664 inlin-

91 1687 289 1745 miortantum.
313 1684 446 1744 Bitumini
458 1686 600 1746 simillima
618 1695 664 1746 est
681 1686 835 1764 ampelitis.
862 1689 1092 1765 experimentum

93 1770 171 1846 eius,
193 1772 217 1828 si
238 1788 324 1829 cerae
345 1770 432 1830 modo
452 1779 574 1848 accepto
596 1770 664 1829 oleo
687 1769 831 1848 liquescat
853 1771 925 1830 etsi
946 1773 1091 1849 nigricans

92 1851 175 1912 colos
196 1861 309 1913 maneat
330 1862 434 1914 tostae.
464 1873 533 1913 usus
554 1853 589 1912 ad
605 1852 791 1914 molliendum
813 1852 1092 1930 discutiendumque,

57 1951 82 1993 20
96 1935 125 1985 et
141 1928 174 1987 ad
190 1929 262 1990 haec
273 1935 488 1997 medicamentis
505 1939 633 2015 additur,
651 1939 809 2016 praecipue
828 1939 857 1996 in
874 1937 1089 2015 calliblepharis

96 2019 125 2070 et
143 2013 302 2073 inficiendis
322 2020 441 2095 capillis.

157 2102 203 2160 17.
223 2100 304 2179 (57.)
322 2099 428 2162 Cretae
444 2101 526 2179 plura
543 2119 662 2178 genera.
693 2119 731 2159 ex
753 2101 788 2160 iis
806 2099 946 2162 Cimoliae
963 2101 1019 2162 duo
1038 2103 1072 2162 ad
1086 2113 1133 2169 195

91 2182 221 2242 medicos
239 2186 430 2261 pertinentia,
450 2183 599 2243 candidum
619 2192 649 2243 et
670 2182 705 2242 ad
725 2187 924 2263 purpurissum
939 2186 1089 2246 inclinans.

91 2267 135 2324 vis
161 2266 277 2343 utrique
304 2265 339 2325 ad
364 2266 562 2326 discutiendos
590 2274 736 2343 tumores,
768 2269 911 2328 sistendas
939 2269 1091 2330 fluctiones

56 2357 176 2409 asaceto
194 2349 354 2429 adsumpto.
392 2366 484 2428 panos
505 2366 621 2429 quoqne
638 2358 668 2409 et
683 2351 829 2429 parotidas
849 2352 968 2412 cohibet
990 2361 1020 2412 et
1040 2354 1092 2414 lie-

91 2451 156 2493 nem
172 2433 252 2493 inlita
265 2434 458 2512 pusulasque,
474 2435 499 2492 si
516 2450 589 2492 vero
602 2432 799 2510 aphronitrum
815 2443 845 2494 et
859 2453 978 2512 cyprum
989 2435 1092 2495 adicia-

91 2525 137 2576 tur
150 2526 179 2578 et
191 2526 320 2595 acetum,
333 2519 437 2598 pedum
452 2527 596 2593 tumores,
614 2519 653 2576 ita
666 2525 696 2575 ut
711 2518 740 2575 in
755 2517 819 2576 sole
833 2518 944 2577 curatio
959 2517 1032 2577 haec
1044 2519 1093 2579 liat

91 2609 121 2659 et
134 2609 201 2679 post
212 2621 267 2661 sex
281 2600 453 2680 horasaqua
468 2601 544 2661 salsa
556 2601 697 2661 abluatur.
719 2601 836 2659 testium
848 2600 1008 2669 tumoribus
1024 2620 1071 2678 cy·
1085 2613 1135 2669 196

92 2699 146 2759 pro
163 2692 192 2742 et
203 2702 271 2743 cera
283 2687 322 2745 ita
335 2687 429 2746 addita
442 2685 573 2764 prodest.
607 2694 637 2744 et
652 2684 846 2761 refrigerandi
859 2701 975 2761 quoque
990 2693 1093 2746 natura

55 2773 191 2825 accretae
205 2775 262 2843 est,
279 2769 461 2846 sudoresque
476 2769 636 2829 inmodicos
652 2767 832 2844 sistitinlita,
849 2776 936 2846 atque
949 2770 989 2828 ita
1004 2786 1092 2848 papu-

90 2848 133 2907 las
151 2848 269 2910 cohibet
291 2870 330 2911 ex
344 2853 411 2912 vino
431 2853 579 2931 adsumpta
597 2854 626 2912 in
644 2852 777 2912 balineis.
812 2851 942 2912 laudatur
960 2870 1092 2913 maxume

91 2930 268 2994 Thessalica.
287 2937 415 2996 nascitur
429 2943 459 2995 et
474 2937 503 2994 in
520 2934 607 3011 Lycia
625 2935 869 2997 circaBubonem.
901 2935 955 3008 Est
971 2944 1000 2996 et
1018 2935 1092 2995 alius

92 3012 233 3077 Cimoliae
250 3036 318 3078 usus
344 3021 372 3077 iu
392 3019 531 3086 vestibus.
567 3037 631 3078 nam
647 3018 736 3078 Sarda
757 3037 831 3096 quae
847 3019 976 3080 adiertur
991 3039 1008 3079 e
1026 3019 1093 3078 Sar·

91 3098 168 3158 dinia
189 3101 315 3162 candidis
338 3110 446 3162 tantum
468 3101 640 3179 adsumitur,
663 3101 771 3162 inutilis
788 3103 1036 3178 versicoloribus,
1062 3110 1092 3162 et

55 3194 80 3235 ³⁵
94 3190 140 3243 est
159 3184 296 3245 vilissima
313 3188 437 3246 omnium
453 3182 592 3245 Cimoliae
605 3203 762 3263 generum,
780 3188 941 3264 pretiosior
957 3184 1093 3245 Umbrica

91 3275 121 3327 et
138 3285 221 3345 quam
239 3279 343 3329 vocant
361 3287 469 3329 saxum.
499 3271 664 3347 proprietas
681 3270 742 3329 saxi
759 3269 835 3348 quod
853 3271 960 3330 crescit
975 3271 1004 3328 iu
1020 3287 1075 3328 ma·
1085 3276 1133 3335 197

92 3353 235 3429 cerando,
257 3362 343 3431 atque
360 3353 490 3433 pondere
506 3355 625 3430 emitur,
642 3353 691 3414 illa
706 3371 849 3413 mensura.
880 3352 1014 3414 Umbrica
1032 3371 1091 3413 non

92 3436 147 3495 nisi
164 3436 308 3516 poliendis
326 3437 457 3498 vestibus
479 3437 644 3498 adsumitur.
677 3455 773 3516 neque
797 3439 871 3504 enim
887 3438 1001 3517 pigebit
1019 3437 1091 3497 hanc
