2378 3840
380 195 460 243 nne.
477 195 570 244 urse.
584 196 720 244 xxxvrr.
735 194 761 245 a.
778 161 851 264 (ιι.)
1061 183 1121 246 149

122 358 205 411 actos
231 350 367 428 pinguem
397 349 533 410 sudorem
558 349 587 409 in
612 367 647 410 ea
673 349 841 428 relinquere
868 353 987 427 oceani,
1015 351 1119 412 deinde

122 433 253 494 aestibus
269 435 299 492 in
315 432 520 494 Germanorum
535 432 622 493 litora
638 435 703 493 eici.
738 436 767 494 in
783 432 923 512 Aegypto
939 437 1018 496 nasci
1035 435 1120 494 simili

122 517 255 577 modoet
275 518 374 577 vocari
396 516 493 594 sacal,
516 517 585 576 item
601 518 629 575 in
645 516 728 578 India
743 518 912 595 gratiusque
929 527 959 578 et
981 536 1034 597 pro
1055 526 1120 578 ture

124 620 192 662 esse
207 600 295 661 ludis
330 602 360 660 in
377 599 462 676 Syria
477 617 594 698 quoque
610 602 731 660 feminus
747 601 910 660 verticillos
926 602 993 663 inde
1015 603 1114 663 iacere
1126 611 1160 667 37

100 693 153 745 set
170 702 269 745 vocarr
262 683 428 762 harpaga,
451 684 518 762 quia
534 682 604 743 lolia
624 684 783 762 paleasque
802 692 831 743 et
854 687 977 744 vestium
993 686 1119 745 limbrias

121 769 224 847 rapiat.
266 766 483 828 Theoehrestus
512 783 624 828 oceano
650 767 679 827 id
704 774 894 828 exaestuante
919 768 954 828 ad
975 767 1118 845 Pyrenaei

121 852 320 930 promontoria
341 851 415 926 eici,
438 849 516 930 quod
538 859 568 910 et
591 848 774 911 Xenocrates
797 850 926 911 eredidit
957 848 1056 928 quide
1073 850 1118 910 bis

120 936 287 1013 nuperrime
312 935 430 1013 scripsit
459 935 589 1011 vivitque
616 932 707 994 adhuc
734 933 882 994 Asarubas
922 934 1008 996 tradit
1040 937 1118 994 iuxta

121 1017 297 1076 Atlanticum
308 1034 387 1077 mare
399 1036 468 1076 esse
481 1017 572 1076 lacum
580 1014 734 1095 Cephisida
744 1035 828 1095 quem
835 1016 925 1078 Mauri
937 1016 1119 1079 vocentEle·

87 1115 111 1157 :o
121 1110 221 1159 etrum
256 1100 331 1159 hunc
345 1100 410 1160 sole
427 1099 616 1160 excalfactum
637 1119 654 1160 e
673 1100 742 1160 limo
758 1099 883 1160 reddere
900 1101 1040 1160 electrum
1058 1101 1119 1160 ilui-

113 1192 193 1273 tans.
226 1181 360 1243 Mnaseas
377 1183 495 1244 Africae
516 1183 611 1243 locum
626 1182 780 1282 Sicyonem
799 1183 928 1263 appellat
951 1193 980 1244 et
997 1182 1161 1249 Crathinsss

120 1285 230 1327 amnem
246 1268 275 1326 in
292 1284 431 1328 oceanum
446 1266 613 1327 elllucntem
628 1286 645 1328 e
659 1267 768 1344 lacus
760 1287 790 1328 ιιι
805 1285 861 1346 quo
872 1269 959 1366 avis,
975 1285 1045 1345 quas
1060 1285 1118 1327 me-

119 1350 265 1428 leagridas
278 1359 308 1410 et
323 1351 484 1430 penelopas
496 1358 592 1426 vocat,
607 1353 719 1411 vivere
744 1352 785 1410 ibi
801 1353 879 1411 nasei
892 1351 1006 1411 ratione
1019 1351 1117 1411 eadem

120 1452 174 1512 qua
189 1451 277 1512 supra
292 1433 398 1493 dictum
413 1442 469 1492 est.
499 1432 682 1493 Theomenes
697 1432 805 1509 Syrtim
819 1435 898 1494 iuxta
908 1451 1038 1510 maguam
1048 1434 1115 1493 hor·
1126 1453 1149 1488 ιι

86 1535 109 1574 ιι
120 1525 179 1575 tum
190 1514 375 1594 Hesperidon
388 1534 456 1575 esse
468 1524 498 1574 et
511 1524 642 1593 stagnum
654 1515 819 1592 Electrum,
833 1516 874 1576 ibi
889 1516 1012 1576 arbores
1026 1534 1117 1596 popu-

119 1599 165 1658 los
178 1615 296 1677 quarum
311 1616 328 1657 e
345 1598 537 1658 cacuminibus
552 1599 582 1658 iu
595 1607 727 1676 stagnum
743 1599 842 1676 cadat,
858 1599 958 1677 colligi
973 1608 1068 1659 autem
1080 1600 1116 1658 ab

118 1682 280 1758 virginibus
292 1679 493 1760 llesperidum.
516 1679 630 1742 Ctesias
643 1685 672 1741 iu
685 1681 762 1743 ludis
777 1681 882 1742 llumen
897 1702 965 1744 esse
977 1681 1112 1761 Hypoba·
1125 1691 1160 1748 39

118 1783 196 1842 rum,
232 1781 290 1843 quo
321 1764 465 1825 vocabulo
492 1766 673 1842 significetur
702 1768 795 1826 omnia
823 1767 899 1828 bona
928 1785 992 1827 eum
1024 1768 1116 1842 ferre,

120 1847 211 1908 lluere
235 1850 470 1926 aseptentrioue
493 1850 523 1908 in
544 1850 708 1909 exortivum
730 1867 868 1910 oceanum
888 1853 968 1911 iuxta
991 1858 1117 1910 montem

83 1951 109 1992 ro
119 1932 286 1992 silvestrem
302 1933 455 1993 arboribus
471 1931 611 1992 electrum
626 1934 797 1994 ferentibus.
826 1934 950 1994 arbores
965 1952 1013 1995 eas
1029 1934 1117 2011 sipta-

119 2015 223 2076 choras
240 2017 358 2093 vocari,
381 2033 437 2094 qua
461 2017 659 2095 appellatione
678 2017 857 2095 significetur
872 2017 1035 2096 praedulcis
1053 2034 1116 2077 sua·

118 2101 203 2159 vitas.
229 2098 412 2159 Mithridates
424 2101 453 2158 in
465 2098 635 2160 Germaniae
652 2101 788 2161 litoribus
804 2101 925 2162 insulam
936 2120 1016 2178 esse,
1033 2117 1115 2178 quam

118 2182 218 2240 vocari
233 2181 375 2256 Seritam,
391 2181 469 2240 cedri
487 2201 599 2259 genere
615 2184 769 2259 silvosam,
791 2185 858 2245 inde
873 2185 1003 2245 delluere
1020 2186 1049 2243 in
1065 2201 1116 2261 pe-

119 2272 188 2324 tras.
224 2261 408 2323 Xenocrates
423 2281 480 2322 non
495 2267 623 2324 sueinum
639 2275 746 2326 tantum
760 2269 790 2326 in
803 2267 885 2328 ltalia
905 2286 1005 2328 verum
1027 2269 1113 2328 etiam
1124 2275 1159 2329 40

84 2369 108 2408 rs
119 2345 236 2423 thyeum
250 2348 349 2406 vocari
358 2388 368 2422 ,
385 2345 527 2423 aScythis
539 2366 611 2407 vero
627 2367 756 2425 sacrum,
770 2353 904 2427 quoniam
921 2360 950 2409 et
962 2351 1002 2409 ibi
1018 2367 1116 2409 nasca-

119 2439 180 2506 tur,
196 2430 270 2489 alios
287 2437 390 2509 putare
408 2431 437 2490 in
451 2428 582 2490 Numidia
597 2432 686 2508 gigni.
717 2449 807 2509 super
827 2434 918 2492 omnis
943 2441 988 2492 est
1003 2432 1115 2510 Sopho-

119 2513 180 2573 cles
190 2522 279 2592 poeta
288 2515 426 2590 tragicus,
441 2513 517 2591 quod
530 2514 663 2592 equidem
674 2516 773 2592 miror,
786 2534 848 2575 cum
860 2523 936 2574 tanta
947 2517 1075 2592 gravitas
1087 2517 1114 2574 ei

119 2596 251 2656 cothurni
266 2599 316 2671 sit,
326 2605 481 2674 praeterea
494 2598 571 2658 vitae
585 2598 670 2674 lama,
685 2597 762 2674 alias,
770 2599 893 2676 principi
917 2598 983 2658 loco
1011 2599 1114 2670 genito

119 2677 259 2753 Athenis,
277 2687 306 2738 et
321 2679 410 2738 rebus
426 2682 521 2755 gestis
538 2689 568 2740 et
583 2683 715 2741 exercitu
731 2679 827 2740 ducto.
858 2681 905 2741 hic
919 2681 994 2740 ultra
1007 2680 1115 2740 ludiam

83 2762 181 2826 auderi
194 2761 291 2821 diruite
301 2761 426 2822 lacrimis
437 2763 641 2841 meleagridum
651 2766 743 2824 avium
750 2763 929 2842 Meleagrum
937 2763 1112 2824 dedentium

118 2845 195 2923 quod
209 2844 370 2905 credidisse
386 2863 451 2904 eum
465 2855 513 2905 aut
529 2865 665 2925 sperasse
677 2847 741 2909 aliis
756 2848 926 2926 persuaderi
941 2866 1030 2926 posse
1046 2848 1154 2926 quisti

117 2945 175 2986 non
187 2929 321 3005 miretur,
340 2945 460 3005 quamve
477 2933 629 3007 pueritiam
642 2940 698 2991 tam
714 2933 867 3010 inperitam
883 2950 972 3011 posse
988 2931 1112 3010 reperiri

117 3029 190 3111 quae
214 3013 307 3071 avium
327 3011 457 3090 ploratus
479 3030 590 3073 annuos
607 3015 707 3075 credat
728 3016 898 3076 lacrimasve
914 3025 970 3075 tam
985 3012 1112 3092 grandis,

120 3098 219 3157 avisve
234 3113 308 3173 quae
324 3115 339 3156 a
361 3092 493 3170 Graecia,
504 3095 553 3155 ubr
560 3095 711 3174 Meleager
723 3100 822 3176 periit,
837 3100 979 3177 ploratum
988 3097 1112 3157 adierint

61 3201 62 3204 ¹
83 3174 227 3244 celadus?
242 3177 309 3254 quid
320 3175 413 3255 ergo?
430 3196 487 3237 non
498 3179 584 3239 multa
600 3198 692 3258 aeque
702 3182 835 3242 labulosa
845 3182 971 3260 produnt
983 3175 1111 3258 poetae?

118 3260 170 3320 sed
190 3260 275 3320 hoc
266 3279 295 3318 ιιι
319 3278 353 3321 ea
376 3279 504 3339 requae
526 3263 633 3323 cotidie
656 3265 807 3324 invehatur
826 3273 913 3342 atque
930 3263 1056 3324 abundet
1078 3281 1112 3322 ac

115 3342 292 3404 mendacium
313 3354 451 3421 coarguat
477 3347 557 3406 serio
579 3364 747 3424 quemquam
768 3347 878 3408 dixisse
900 3366 1005 3407 summa
1023 3346 1112 3407 homi·

115 3445 180 3486 num
195 3429 373 3505 contemptio
388 3437 435 3488 est
450 3438 480 3490 et
494 3429 675 3490 intoleranda
688 3431 902 3493 mendaciorum
914 3433 1076 3510 inpunitas.
