2378 3840
289 194 369 240 unu.
391 192 480 242 uusu.
500 194 641 241 xxx1111.
661 191 762 245 8-10.
786 182 953 258 (lo—ant
1070 181 1107 243 51

111 346 189 406 aeris
211 345 356 408 adfectant
372 348 440 408 oleo
461 365 494 407 ao
517 347 590 406 sole.
628 346 674 407 Fit
692 344 837 424 Campano
855 345 949 405 simile
967 349 995 404 in
1010 347 1106 407 multis
1118 359 1152 414 96

110 428 242 506 partibus
256 429 358 492 ltaliae
376 433 606 511 provinciisque,
625 430 678 490 sed
694 439 814 490 octonas
830 429 938 507 plumbi
954 429 1044 488 libras
1063 430 1109 490 ad·.

111 512 180 571 dunt
196 519 226 570 et
241 514 369 576 carbone
380 524 521 575 recocunt
537 523 659 593 propter
673 514 799 592 inopiam
815 513 895 589 ligni.
923 520 1058 591 quantuni
1074 531 1109 573 ea

109 613 158 653 res
177 594 359 658 differentiae
377 598 489 659 adferat
511 601 539 658 in
555 597 647 658 Gallia
666 615 797 657 maxume
819 597 943 656 sentitur
960 596 1009 655 ubi
1031 597 1108 655 inter

86 677 221 755 elapides
239 681 426 743 candefactos
443 682 589 759 funditur,
609 689 752 741 exurente
770 681 846 740 enirn
861 688 979 740 coctura
995 682 1108 757 nigrum

108 769 194 839 atque
216 763 323 841 fragile
344 766 505 826 conficitur.
550 775 706 843 praeterea
729 763 822 824 semel
846 773 1001 840 recocunt,
1030 763 1107 842 quod

107 848 224 923 saepius
241 847 350 909 fecisse
366 849 488 908 bonitati
506 849 664 927 plurumum
679 848 802 907 confert.
828 847 856 908 9.
877 847 909 908 ld
925 866 1042 926 quoque
1058 864 1108 907 uo-

107 936 185 988 tasse
201 946 259 989 uon
278 930 314 990 ab
332 951 366 991 re
385 939 447 1006 est,
473 949 522 990 aes
539 948 623 991 omne
643 932 756 1007 frigore
772 949 875 1008 magno
895 932 998 991 melius
1014 930 1106 993 fundi.

106 1009 240 1087 Sequens
264 1021 460 1090 temperatura
484 1015 621 1073 statuaria
642 1023 688 1074 est
709 1013 867 1092 eademque
891 1013 1029 1074 tabularis
1048 1014 1147 1078 hocbt

71 1093 208 1164 10modo:
232 1112 326 1154 massa
347 1095 489 1174 proflatur
505 1098 534 1155 in
552 1098 669 1175 primis,
691 1115 759 1157 mox
780 1100 809 1156 in
825 1097 978 1176 proflatum
992 1096 1105 1156 additur

105 1178 192 1236 tertia
208 1180 307 1254 portio
323 1182 398 1240 aeris
415 1180 607 1259 collectanei,
625 1181 681 1242 boc
697 1190 742 1241 est
759 1200 797 1242 ex
813 1201 865 1241 usu
881 1181 1016 1258 coempti.
1054 1197 1105 1259 pe·

104 1260 213 1320 culiare
239 1263 269 1321 iu
291 1282 328 1323 eo
348 1267 561 1326 condimentum
583 1266 690 1326 adtritu
712 1265 812 1326 domiti
841 1274 871 1325 et
894 1263 1104 1325 consuetudine

103 1345 206 1404 nitoris
231 1346 322 1407 veluti
347 1352 545 1410 mansuefacti.
579 1353 737 1412 miscentur
760 1358 790 1410 et
814 1348 920 1428 plumbi
946 1347 1103 1425 argentarii

102 1429 199 1504 pondo
227 1430 361 1492 duodena
388 1451 421 1493 ac
444 1434 572 1493 selibrae
600 1434 733 1494 centenis
758 1432 883 1511 proflati.
925 1431 1099 1510 Appellatur
1111 1439 1146 1494 98

69 1540 92 1580 15
104 1511 257 1570 etiamnum
277 1522 307 1572 et
322 1516 451 1575 formalis
469 1524 663 1595 temperatura
679 1519 756 1577 aeris
777 1517 944 1591 tenerrimi,
969 1517 1103 1592 quouiam

102 1594 178 1669 uigri
200 1592 310 1671 plumbi
334 1597 453 1658 decuma
476 1602 574 1677 portio
596 1599 709 1659 additur
727 1609 757 1659 et
779 1601 937 1677 argentarii
954 1599 1101 1672 vicesima,

101 1693 293 1757 maxumeque
309 1682 350 1740 ita
364 1681 496 1742 colorem
510 1683 584 1742 bibit
597 1700 681 1761 quem
693 1683 898 1744 Graecanicum
909 1692 1022 1744 vocant.
1042 1682 1069 1742 N
1072 1700 1101 1742 o-

101 1761 220 1821 vissima
236 1772 282 1823 est
297 1783 372 1842 quae
387 1774 508 1826 vocatur
524 1766 637 1842 ollaria,
652 1785 723 1827 vase
739 1784 844 1826 nomen
859 1766 915 1827 boc
927 1766 1024 1844 dante,
1044 1774 1102 1826 ter·

102 1845 146 1902 nis
169 1855 217 1905 aut
238 1851 386 1925 quaternis
405 1850 488 1910 libris
507 1850 616 1928 plumbi
637 1852 794 1929 argentarii
816 1853 846 1910 in
862 1857 1000 1911 centenas
1023 1849 1100 1908 aeris

65 1927 214 2000 wadditis.
252 1928 361 2011 Cyprio
382 1936 407 1994 si
429 1934 548 1994 addatur
571 1933 732 2013 plumbum,
757 1935 840 1994 colos
857 1950 1001 2013 purpurae
1018 1933 1049 1990 fit
1071 1933 1101 1989 in

101 2019 257 2074 statuarum
273 2020 444 2095 praetextis.

164 2097 247 2177 (21.)
263 2099 344 2160 Aera
360 2109 479 2162 extersa
492 2102 656 2180 robiginem
672 2101 799 2161 celerius
815 2100 930 2160 trabunt
947 2117 1031 2179 quam
1046 2118 1096 2159 ne·
1108 2108 1142 2163 99

99 2178 209 2256 glecta,
224 2184 280 2242 uisi
298 2185 366 2244 oleo
382 2195 608 2262 perunguantur.
636 2187 748 2246 servari
765 2204 800 2245 ea
817 2194 934 2264 optume
949 2186 979 2243 in
990 2183 1099 2262 liquida

100 2263 166 2338 pice
192 2265 314 2328 tradunt.
352 2279 421 2328 usus
443 2271 521 2329 aeris
545 2270 580 2329 ad
602 2272 830 2349 perpetuitatem
849 2278 1099 2328 monumentorum

64 2345 155 2418 giam
178 2347 289 2424 pridem
315 2351 435 2411 tralatus
464 2360 510 2412 est
531 2354 636 2414 tabulis
663 2355 759 2414 aereis
787 2355 816 2412 in
839 2352 943 2431 quibus
963 2352 1098 2430 publicae

99 2432 323 2495 constitutiones
340 2435 510 2496 inciduntur.

164 2514 211 2576 10.
238 2517 319 2600 (22.)
341 2518 460 2580 Metalla
477 2523 555 2581 aeris
570 2521 666 2581 multis
681 2521 773 2581 modis
796 2521 942 2579 instruunt
961 2516 1077 2577 medici·
1089 2531 1140 2582 loo

98 2613 174 2672 nam,
189 2607 292 2678 utpote
304 2621 368 2663 oum
379 2603 478 2665 ulcera
493 2606 587 2665 omnia
598 2605 639 2664 ibi
652 2606 787 2665 ocissime
803 2611 952 2679 sanentur,
966 2620 1097 2661 maxume

99 2686 195 2738 tamen
210 2695 332 2760 prosunt
345 2686 470 2749 cadmea.
492 2688 540 2750 Fit
554 2690 618 2749 sine
629 2688 717 2748 dubio
733 2687 805 2747 baec
819 2696 849 2746 et
863 2688 892 2746 in
906 2687 1020 2763 argenti
1038 2685 1096 2744 for·

62 2797 87 2837 ,0
97 2762 233 2842 nacibus,
250 2769 398 2830 candidior
412 2789 446 2832 ac
461 2773 553 2832 minus
569 2771 747 2853 ponderosa,
763 2770 816 2832 sed
833 2788 1012 2849 nequaquam
1028 2786 1095 2829 con·

97 2846 223 2922 paranda
236 2854 378 2913 aerariae.
410 2855 493 2934 plura
506 2865 600 2917 autem
614 2875 726 2934 genera
742 2865 816 2917 suut.
847 2873 969 2935 namque
985 2863 1016 2912 ut
1030 2855 1093 2932 ipse

96 2927 171 3005 lapis
197 2949 235 2992 ex
256 2951 313 3013 quo
336 2937 367 2996 fit
389 2954 439 2999 aes
459 2938 576 3000 cadmea
597 2950 734 3019 vocatur,
766 2941 873 3000 fusuris
898 2941 1093 3016 necessarius,

95 3012 256 3080 medicinae
276 3019 397 3098 inutilis,
413 3023 456 3082 sic
471 3041 571 3083 rursus
588 3026 617 3083 in
631 3025 799 3086 fornacibus
819 3025 936 3085 exsistit
951 3023 1007 3083 alia
1020 3040 1094 3100 quae

96 3100 220 3243 nomiflis
237 3104 281 3161 sui
300 3105 443 3182 originem
459 3106 573 3184 recipit.
613 3109 754 3169 litantem
775 3116 877 3187 egesta
893 3107 1010 3166 flammis
1033 3113 1073 3163 at·
1085 3119 1134 3169 tot

115 3198 153 3241 ue
337 3189 344 3202 ’
380 3190 387 3203 ·
653 3194 659 3208 ·
868 3193 874 3206 ·
991 3191 997 3204 ·
1091 3195 1095 3201 ’

60 3189 1092 3355 ttulittltltlfdt‘trttltttttlldtbltfllft

95 3351 209 3432 inipso
231 3354 390 3417 fornacium
412 3374 484 3433 ore,
509 3374 566 3436 qua
580 3356 707 3422 flammae
731 3359 920 3435 fluctuantur,
947 3355 1092 3436 appellata

95 3439 238 3518 capnitis,
259 3450 362 3502 exusta
386 3449 416 3502 et
437 3442 524 3501 nimia
534 3440 664 3508 ‚levitate
686 3443 787 3505 similis
805 3440 946 3579 favillap3⁸
968 3441 1096 3498 interior
