<?xml version="1.0" encoding="UTF-8"?>
<!DOCTYPE html PUBLIC "-//W3C//DTD XHTML 1.0 Transitional//EN"
    "http://www.w3.org/TR/xhtml1/DTD/xhtml1-transitional.dtd">
<html xmlns="http://www.w3.org/1999/xhtml" xml:lang="en" lang="en">
 <head>
  <title>
</title>
<meta http-equiv="Content-Type" content="text/html;charset=utf-8" />
  <meta name='ocr-system' content='tesseract 3.04.00' />
  <meta name='ocr-capabilities' content='ocr_page ocr_carea ocr_par ocr_line ocrx_word'/>
</head>
<body>
  <div class='ocr_page' id='page_1' title='image "./cplinisecundina05plingoog_0267.png"; bbox 0 0 2378 3840; ppageno 0'>
   <div class='ocr_carea' id='block_1_1' title="bbox 136 177 785 239">
    <p class='ocr_par' dir='ltr' id='par_1_1' title="bbox 136 177 785 239">
     <span class='ocr_line' id='line_1_1' title="bbox 136 177 785 239; baseline -0.009 -1"><span class='ocrx_word' id='word_1_1' title='bbox 136 177 194 239; x_wconf 87' lang='lat'><strong>150</strong></span> <span class='ocrx_word' id='word_1_2' title='bbox 478 186 508 235; x_wconf 89' lang='lat' dir='ltr'><strong>c.</strong></span> <span class='ocrx_word' id='word_1_3' title='bbox 524 187 620 235; x_wconf 76' lang='lat' dir='ltr'><strong>emm</strong></span> <span class='ocrx_word' id='word_1_4' title='bbox 636 185 785 234; x_wconf 81' lang='lat' dir='ltr'><strong>suenum</strong></span> 
     </span>
    </p>
   </div>
   <div class='ocr_carea' id='block_1_2' title="bbox 91 338 1136 584">
    <p class='ocr_par' dir='ltr' id='par_1_2' title="bbox 91 338 1136 584">
     <span class='ocr_line' id='line_1_2' title="bbox 91 338 1136 418; baseline -0.007 -11"><span class='ocrx_word' id='word_1_5' title='bbox 91 355 125 408; x_wconf 68' lang='grc' dir='ltr'><strong>ιι</strong></span> <span class='ocrx_word' id='word_1_6' title='bbox 199 344 228 403; x_wconf 86' lang='grc'><strong>3.</strong></span> <span class='ocrx_word' id='word_1_7' title='bbox 250 341 366 403; x_wconf 79' lang='lat' dir='ltr'><strong>Certum</strong></span> <span class='ocrx_word' id='word_1_8' title='bbox 391 349 436 401; x_wconf 89' lang='lat' dir='ltr'><strong>est</strong></span> <span class='ocrx_word' id='word_1_9' title='bbox 460 342 540 418; x_wconf 81' lang='lat' dir='ltr'>gigni</span> <span class='ocrx_word' id='word_1_10' title='bbox 562 342 590 399; x_wconf 93' lang='lat' dir='ltr'><strong>in</strong></span> <span class='ocrx_word' id='word_1_11' title='bbox 605 339 707 399; x_wconf 91' lang='lat' dir='ltr'><strong>insulis</strong></span> <span class='ocrx_word' id='word_1_12' title='bbox 726 339 964 418; x_wconf 88' lang='lat' dir='ltr'><strong>septentrionalis</strong></span> <span class='ocrx_word' id='word_1_13' title='bbox 981 338 1084 399; x_wconf 90' lang='lat' dir='ltr'><strong>oceani</strong></span> <span class='ocrx_word' id='word_1_14' title='bbox 1101 348 1136 400; x_wconf 92' lang='lat' dir='ltr'><strong>et</strong></span> 
     </span>
     <span class='ocr_line' id='line_1_3' title="bbox 134 421 1135 502; baseline -0.006 -14"><span class='ocrx_word' id='word_1_15' title='bbox 134 429 169 487; x_wconf 82' lang='lat' dir='ltr'><strong>ab</strong></span> <span class='ocrx_word' id='word_1_16' title='bbox 187 426 336 487; x_wconf 88' lang='lat' dir='ltr'><strong>Germanis</strong></span> <span class='ocrx_word' id='word_1_17' title='bbox 357 424 498 502; x_wconf 88' lang='lat' dir='ltr'><strong>appellari</strong></span> <span class='ocrx_word' id='word_1_18' title='bbox 515 424 663 501; x_wconf 89' lang='lat' dir='ltr'><strong>glaesum,</strong></span> <span class='ocrx_word' id='word_1_19' title='bbox 684 425 782 501; x_wconf 87' lang='lat' dir='ltr'><strong>itaque</strong></span> <span class='ocrx_word' id='word_1_20' title='bbox 806 431 835 484; x_wconf 90' lang='lat' dir='ltr'><strong>et</strong></span> <span class='ocrx_word' id='word_1_21' title='bbox 856 423 892 483; x_wconf 93' lang='lat' dir='ltr'><strong>ab</strong></span> <span class='ocrx_word' id='word_1_22' title='bbox 913 425 1021 483; x_wconf 85' lang='lat' dir='ltr'><strong>nostris</strong></span> <span class='ocrx_word' id='word_1_23' title='bbox 1044 424 1081 482; x_wconf 95' lang='lat' dir='ltr'><strong>ob</strong></span> <span class='ocrx_word' id='word_1_24' title='bbox 1104 421 1135 482; x_wconf 94' lang='lat' dir='ltr'><strong>id</strong></span> 
     </span>
     <span class='ocr_line' id='line_1_4' title="bbox 139 504 1132 584; baseline 0.006 -21"><span class='ocrx_word' id='word_1_25' title='bbox 139 523 222 563; x_wconf 91' lang='lat' dir='ltr'><strong>unam</strong></span> <span class='ocrx_word' id='word_1_26' title='bbox 242 505 395 564; x_wconf 90' lang='lat' dir='ltr'><strong>insularum</strong></span> <span class='ocrx_word' id='word_1_27' title='bbox 418 504 594 564; x_wconf 82' lang='lat' dir='ltr'><strong>Glaesariam</strong></span> <span class='ocrx_word' id='word_1_28' title='bbox 612 506 784 584; x_wconf 71' lang='lat' dir='ltr'><strong>appellatam</strong></span> <span class='ocrx_word' id='word_1_29' title='bbox 808 505 977 568; x_wconf 87' lang='lat' dir='ltr'><strong>Germanico</strong></span> <span class='ocrx_word' id='word_1_30' title='bbox 1001 505 1132 569; x_wconf 82' lang='lat' dir='ltr'><strong>Caesare</strong></span> 
     </span>
    </p>
   </div>
   <div class='ocr_carea' id='block_1_3' title="bbox 138 588 1160 744">
    <p class='ocr_par' dir='ltr' id='par_1_3' title="bbox 138 588 1160 744">
     <span class='ocr_line' id='line_1_5' title="bbox 138 588 1132 664; baseline 0.006 -18"><span class='ocrx_word' id='word_1_31' title='bbox 138 605 187 648; x_wconf 90' lang='lat' dir='ltr'><strong>res</strong></span> <span class='ocrx_word' id='word_1_32' title='bbox 199 589 238 647; x_wconf 92' lang='lat' dir='ltr'><strong>ibi</strong></span> <span class='ocrx_word' id='word_1_33' title='bbox 252 597 377 664; x_wconf 85' lang='lat' dir='ltr'><strong>gerente</strong></span> <span class='ocrx_word' id='word_1_34' title='bbox 392 588 533 648; x_wconf 86' lang='lat' dir='ltr'><strong>classibus</strong></span> <span class='ocrx_word' id='word_1_35' title='bbox 546 588 749 649; x_wconf 76' lang='lat' dir='ltr'><strong>Austeraviam</strong></span> <span class='ocrx_word' id='word_1_36' title='bbox 763 606 778 648; x_wconf 86' lang='lat' dir='ltr'><strong>a</strong></span> <span class='ocrx_word' id='word_1_37' title='bbox 795 589 926 649; x_wconf 86' lang='lat' dir='ltr'><strong>barbaris</strong></span> <span class='ocrx_word' id='word_1_38' title='bbox 939 591 1049 650; x_wconf 88' lang='lat' dir='ltr'><strong>dictam.</strong></span> <span class='ocrx_word' id='word_1_39' title='bbox 1082 610 1132 652; x_wconf 93' lang='lat' dir='ltr'><strong>na·</strong></span> 
     </span>
     <span class='ocr_line' id='line_1_6' title="bbox 138 665 1160 744; baseline 0 -16"><span class='ocrx_word' id='word_1_40' title='bbox 138 672 228 728; x_wconf 92' lang='lat' dir='ltr'><strong>scitur</strong></span> <span class='ocrx_word' id='word_1_41' title='bbox 247 676 342 726; x_wconf 91' lang='lat' dir='ltr'><strong>autem</strong></span> <span class='ocrx_word' id='word_1_42' title='bbox 367 666 514 727; x_wconf 86' lang='lat' dir='ltr'><strong>defluente</strong></span> <span class='ocrx_word' id='word_1_43' title='bbox 534 665 657 739; x_wconf 83' lang='lat' dir='ltr'><strong>medulla</strong></span> <span class='ocrx_word' id='word_1_44' title='bbox 677 667 755 743; x_wconf 92' lang='lat' dir='ltr'><strong>pinei</strong></span> <span class='ocrx_word' id='word_1_45' title='bbox 783 668 902 744; x_wconf 88' lang='lat' dir='ltr'><strong>generis</strong></span> <span class='ocrx_word' id='word_1_46' title='bbox 927 666 1081 726; x_wconf 83' lang='lat' dir='ltr'><strong>arboribus</strong></span> <span class='ocrx_word' id='word_1_47' title='bbox 1104 675 1160 729; x_wconf 84' lang='lat' dir='ltr'><strong>uts</strong></span> 
     </span>
    </p>
   </div>
   <div class='ocr_carea' id='block_1_4' title="bbox 90 749 1171 3497">
    <p class='ocr_par' dir='ltr' id='par_1_4' title="bbox 90 749 1171 3497">
     <span class='ocr_line' id='line_1_7' title="bbox 137 749 1137 827; baseline -0.002 -16"><span class='ocrx_word' id='word_1_48' title='bbox 137 753 253 811; x_wconf 90' lang='lat' dir='ltr'><strong>cummis</strong></span> <span class='ocrx_word' id='word_1_49' title='bbox 270 753 299 809; x_wconf 93' lang='lat' dir='ltr'><strong>in</strong></span> <span class='ocrx_word' id='word_1_50' title='bbox 315 752 442 826; x_wconf 89' lang='lat' dir='ltr'><strong>cerasis,</strong></span> <span class='ocrx_word' id='word_1_51' title='bbox 457 752 554 810; x_wconf 89' lang='lat' dir='ltr'><strong>resina</strong></span> <span class='ocrx_word' id='word_1_52' title='bbox 570 751 599 808; x_wconf 93' lang='lat' dir='ltr'><strong>in</strong></span> <span class='ocrx_word' id='word_1_53' title='bbox 614 749 699 827; x_wconf 88' lang='lat' dir='ltr'><strong>pinis.</strong></span> <span class='ocrx_word' id='word_1_54' title='bbox 734 751 857 827; x_wconf 75' lang='lat' dir='ltr'><strong>erumpit</strong></span> <span class='ocrx_word' id='word_1_55' title='bbox 872 751 978 808; x_wconf 89' lang='lat' dir='ltr'><strong>umoris</strong></span> <span class='ocrx_word' id='word_1_56' title='bbox 991 749 1137 809; x_wconf 87' lang='lat' dir='ltr'><strong>abundan-</strong></span> 
     </span>
     <span class='ocr_line' id='line_1_8' title="bbox 138 828 1136 911; baseline -0.001 -18"><span class='ocrx_word' id='word_1_57' title='bbox 138 838 193 910; x_wconf 87' lang='lat' dir='ltr'><strong>tia,</strong></span> <span class='ocrx_word' id='word_1_58' title='bbox 212 834 349 893; x_wconf 89' lang='lat' dir='ltr'><strong>densatur</strong></span> <span class='ocrx_word' id='word_1_59' title='bbox 364 828 465 911; x_wconf 86' lang='lat' dir='ltr'><strong>rigore</strong></span> <span class='ocrx_word' id='word_1_60' title='bbox 479 833 527 894; x_wconf 91' lang='lat' dir='ltr'><strong>vel</strong></span> <span class='ocrx_word' id='word_1_61' title='bbox 544 841 676 909; x_wconf 88' lang='lat' dir='ltr'><strong>tempore</strong></span> <span class='ocrx_word' id='word_1_62' title='bbox 688 842 736 891; x_wconf 89' lang='lat' dir='ltr'><strong>aut</strong></span> <span class='ocrx_word' id='word_1_63' title='bbox 753 834 840 908; x_wconf 88' lang='lat' dir='ltr'><strong>mari,</strong></span> <span class='ocrx_word' id='word_1_64' title='bbox 857 851 919 892; x_wconf 92' lang='lat' dir='ltr'><strong>cum</strong></span> <span class='ocrx_word' id='word_1_65' title='bbox 934 834 998 910; x_wconf 89' lang='lat' dir='ltr'><strong>ipse</strong></span> <span class='ocrx_word' id='word_1_66' title='bbox 1012 834 1136 893; x_wconf 91' lang='lat' dir='ltr'><strong>intume-</strong></span> 
     </span>
     <span class='ocr_line' id='line_1_9' title="bbox 138 916 1134 994; baseline 0 -18"><span class='ocrx_word' id='word_1_67' title='bbox 138 937 223 978; x_wconf 82' lang='lat' dir='ltr'><strong>scens</strong></span> <span class='ocrx_word' id='word_1_68' title='bbox 245 926 343 977; x_wconf 91' lang='lat' dir='ltr'><strong>aestus</strong></span> <span class='ocrx_word' id='word_1_69' title='bbox 368 919 462 994; x_wconf 92' lang='lat' dir='ltr'><strong>rapuit</strong></span> <span class='ocrx_word' id='word_1_70' title='bbox 481 935 519 976; x_wconf 89' lang='lat' dir='ltr'><strong>ex</strong></span> <span class='ocrx_word' id='word_1_71' title='bbox 537 916 654 991; x_wconf 89' lang='lat' dir='ltr'><strong>insulis,</strong></span> <span class='ocrx_word' id='word_1_72' title='bbox 677 925 758 975; x_wconf 90' lang='lat' dir='ltr'><strong>certe</strong></span> <span class='ocrx_word' id='word_1_73' title='bbox 776 918 804 974; x_wconf 92' lang='lat' dir='ltr'><strong>in</strong></span> <span class='ocrx_word' id='word_1_74' title='bbox 819 917 904 975; x_wconf 90' lang='lat' dir='ltr'><strong>litora</strong></span> <span class='ocrx_word' id='word_1_75' title='bbox 921 916 1079 994; x_wconf 81' lang='lat' dir='ltr'><strong>expellitur</strong></span> <span class='ocrx_word' id='word_1_76' title='bbox 1093 918 1134 977; x_wconf 90' lang='lat' dir='ltr'><strong>ita</strong></span> 
     </span>
     <span class='ocr_line' id='line_1_10' title="bbox 94 998 1135 1078; baseline -0.005 -13"><span class='ocrx_word' id='word_1_77' title='bbox 94 1013 128 1065; x_wconf 82' lang='lat'><strong>43</strong></span> <span class='ocrx_word' id='word_1_78' title='bbox 140 1001 270 1061; x_wconf 91' lang='lat' dir='ltr'><strong>volubile</strong></span> <span class='ocrx_word' id='word_1_79' title='bbox 287 1009 316 1059; x_wconf 89' lang='lat' dir='ltr'><strong>ut</strong></span> <span class='ocrx_word' id='word_1_80' title='bbox 334 999 464 1078; x_wconf 92' lang='lat' dir='ltr'><strong>pendere</strong></span> <span class='ocrx_word' id='word_1_81' title='bbox 480 998 612 1059; x_wconf 89' lang='lat' dir='ltr'><strong>videatur</strong></span> <span class='ocrx_word' id='word_1_82' title='bbox 632 1002 661 1057; x_wconf 93' lang='lat' dir='ltr'><strong>iu</strong></span> <span class='ocrx_word' id='word_1_83' title='bbox 685 999 771 1058; x_wconf 92' lang='lat' dir='ltr'><strong>vado.</strong></span> <span class='ocrx_word' id='word_1_84' title='bbox 809 1000 922 1059; x_wconf 90' lang='lat' dir='ltr'><strong>arboris</strong></span> <span class='ocrx_word' id='word_1_85' title='bbox 944 1017 1042 1058; x_wconf 89' lang='lat' dir='ltr'><strong>sucum</strong></span> <span class='ocrx_word' id='word_1_86' title='bbox 1064 1018 1135 1060; x_wconf 88' lang='lat' dir='ltr'><strong>esse</strong></span> 
     </span>
     <span class='ocr_line' id='line_1_11' title="bbox 137 1082 1171 1163; baseline -0.002 -19"><span class='ocrx_word' id='word_1_87' title='bbox 137 1087 222 1144; x_wconf 90' lang='lat' dir='ltr'><strong>etiam</strong></span> <span class='ocrx_word' id='word_1_88' title='bbox 252 1086 340 1162; x_wconf 82' lang='lat' dir='ltr'><strong>prisci</strong></span> <span class='ocrx_word' id='word_1_89' title='bbox 364 1085 456 1143; x_wconf 91' lang='lat' dir='ltr'><strong>nostri</strong></span> <span class='ocrx_word' id='word_1_90' title='bbox 482 1083 652 1158; x_wconf 83' lang='lat' dir='ltr'><strong>credidere,</strong></span> <span class='ocrx_word' id='word_1_91' title='bbox 683 1083 721 1142; x_wconf 93' lang='lat' dir='ltr'><strong>ob</strong></span> <span class='ocrx_word' id='word_1_92' title='bbox 741 1082 770 1143; x_wconf 95' lang='lat' dir='ltr'><strong>id</strong></span> <span class='ocrx_word' id='word_1_93' title='bbox 792 1084 920 1144; x_wconf 89' lang='lat' dir='ltr'><strong>sucinum</strong></span> <span class='ocrx_word' id='word_1_94' title='bbox 940 1082 1133 1163; x_wconf 86' lang='lat' dir='ltr'><strong>appellantes.</strong></span> <span class='ocrx_word' id='word_1_95' title='bbox 1147 1101 1171 1142; x_wconf 89' lang='lat' dir='ltr'><strong>ro</strong></span> 
     </span>
     <span class='ocr_line' id='line_1_12' title="bbox 137 1166 1135 1246; baseline -0.001 -20"><span class='ocrx_word' id='word_1_96' title='bbox 137 1169 214 1246; x_wconf 93' lang='lat' dir='ltr'><strong>pinei</strong></span> <span class='ocrx_word' id='word_1_97' title='bbox 246 1176 340 1226; x_wconf 88' lang='lat' dir='ltr'><strong>autem</strong></span> <span class='ocrx_word' id='word_1_98' title='bbox 372 1168 490 1243; x_wconf 89' lang='lat' dir='ltr'><strong>generis</strong></span> <span class='ocrx_word' id='word_1_99' title='bbox 522 1166 637 1226; x_wconf 87' lang='lat' dir='ltr'><strong>arboris</strong></span> <span class='ocrx_word' id='word_1_100' title='bbox 671 1185 737 1226; x_wconf 90' lang='lat' dir='ltr'><strong>esse</strong></span> <span class='ocrx_word' id='word_1_101' title='bbox 768 1167 875 1225; x_wconf 91' lang='lat' dir='ltr'><strong>indicio</strong></span> <span class='ocrx_word' id='word_1_102' title='bbox 904 1175 950 1226; x_wconf 88' lang='lat' dir='ltr'><strong>est</strong></span> <span class='ocrx_word' id='word_1_103' title='bbox 973 1168 1076 1244; x_wconf 90' lang='lat' dir='ltr'><strong>pineus</strong></span> <span class='ocrx_word' id='word_1_104' title='bbox 1103 1169 1135 1225; x_wconf 93' lang='lat' dir='ltr'><strong>in</strong></span> 
     </span>
     <span class='ocr_line' id='line_1_13' title="bbox 136 1248 1133 1327; baseline 0.001 -18"><span class='ocrx_word' id='word_1_105' title='bbox 136 1253 235 1310; x_wconf 90' lang='lat' dir='ltr'><strong>attritu</strong></span> <span class='ocrx_word' id='word_1_106' title='bbox 251 1250 324 1308; x_wconf 91' lang='lat' dir='ltr'><strong>odor</strong></span> <span class='ocrx_word' id='word_1_107' title='bbox 340 1259 369 1309; x_wconf 89' lang='lat' dir='ltr'><strong>et</strong></span> <span class='ocrx_word' id='word_1_108' title='bbox 384 1249 461 1327; x_wconf 91' lang='lat' dir='ltr'><strong>quod</strong></span> <span class='ocrx_word' id='word_1_109' title='bbox 476 1267 628 1308; x_wconf 88' lang='lat' dir='ltr'><strong>accensum</strong></span> <span class='ocrx_word' id='word_1_110' title='bbox 644 1248 744 1308; x_wconf 91' lang='lat' dir='ltr'><strong>taedae</strong></span> <span class='ocrx_word' id='word_1_111' title='bbox 755 1251 841 1309; x_wconf 94' lang='lat' dir='ltr'><strong>modo</strong></span> <span class='ocrx_word' id='word_1_112' title='bbox 856 1267 890 1308; x_wconf 91' lang='lat' dir='ltr'><strong>ac</strong></span> <span class='ocrx_word' id='word_1_113' title='bbox 905 1248 1006 1310; x_wconf 91' lang='lat' dir='ltr'><strong>nidore</strong></span> <span class='ocrx_word' id='word_1_114' title='bbox 1018 1248 1133 1324; x_wconf 87' lang='lat' dir='ltr'><strong>llagrat.</strong></span> 
     </span>
     <span class='ocr_line' id='line_1_14' title="bbox 137 1330 1132 1408; baseline 0 -17"><span class='ocrx_word' id='word_1_115' title='bbox 137 1333 266 1393; x_wconf 82' lang='lat' dir='ltr'><strong>adfertur</strong></span> <span class='ocrx_word' id='word_1_116' title='bbox 281 1350 297 1391; x_wconf 92' lang='lat' dir='ltr'><strong>a</strong></span> <span class='ocrx_word' id='word_1_117' title='bbox 314 1331 463 1392; x_wconf 85' lang='lat' dir='ltr'><strong>Germanis</strong></span> <span class='ocrx_word' id='word_1_118' title='bbox 480 1333 508 1390; x_wconf 94' lang='lat' dir='ltr'><strong>in</strong></span> <span class='ocrx_word' id='word_1_119' title='bbox 528 1330 701 1391; x_wconf 89' lang='lat' dir='ltr'><strong>Pannoniam</strong></span> <span class='ocrx_word' id='word_1_120' title='bbox 716 1350 865 1408; x_wconf 88' lang='lat' dir='ltr'><strong>maxume,</strong></span> <span class='ocrx_word' id='word_1_121' title='bbox 893 1342 922 1393; x_wconf 90' lang='grc' dir='ltr'><strong>ει</strong></span> <span class='ocrx_word' id='word_1_122' title='bbox 942 1332 1008 1392; x_wconf 92' lang='lat' dir='ltr'><strong>inde</strong></span> <span class='ocrx_word' id='word_1_123' title='bbox 1022 1330 1132 1391; x_wconf 85' lang='lat' dir='ltr'><strong>Veneti</strong></span> 
     </span>
     <span class='ocr_line' id='line_1_15' title="bbox 136 1414 1133 1495; baseline -0.001 -19"><span class='ocrx_word' id='word_1_124' title='bbox 136 1419 273 1495; x_wconf 91' lang='lat' dir='ltr'><strong>primum,</strong></span> <span class='ocrx_word' id='word_1_125' title='bbox 296 1433 369 1494; x_wconf 90' lang='lat' dir='ltr'><strong>quos</strong></span> <span class='ocrx_word' id='word_1_126' title='bbox 387 1415 500 1475; x_wconf 81' lang='lat' dir='ltr'><strong>Enetos</strong></span> <span class='ocrx_word' id='word_1_127' title='bbox 516 1414 619 1475; x_wconf 85' lang='lat' dir='ltr'><strong>Graeci</strong></span> <span class='ocrx_word' id='word_1_128' title='bbox 640 1424 834 1493; x_wconf 87' lang='lat' dir='ltr'><strong>vocaverunt,</strong></span> <span class='ocrx_word' id='word_1_129' title='bbox 856 1417 956 1476; x_wconf 87' lang='lat' dir='ltr'><strong>lamam</strong></span> <span class='ocrx_word' id='word_1_130' title='bbox 972 1418 1014 1475; x_wconf 93' lang='lat' dir='ltr'><strong>rei</strong></span> <span class='ocrx_word' id='word_1_131' title='bbox 1031 1417 1133 1475; x_wconf 87' lang='lat' dir='ltr'><strong>iecere</strong></span> 
     </span>
     <span class='ocr_line' id='line_1_16' title="bbox 137 1498 1170 1581; baseline -0.002 -21"><span class='ocrx_word' id='word_1_132' title='bbox 137 1503 328 1578; x_wconf 84' lang='lat' dir='ltr'><strong>proxumiqne</strong></span> <span class='ocrx_word' id='word_1_133' title='bbox 343 1498 508 1560; x_wconf 88' lang='lat' dir='ltr'><strong>Pannoniae</strong></span> <span class='ocrx_word' id='word_1_134' title='bbox 533 1507 563 1559; x_wconf 93' lang='lat' dir='ltr'><strong>et</strong></span> <span class='ocrx_word' id='word_1_135' title='bbox 585 1507 708 1576; x_wconf 80' lang='lat' dir='ltr'><strong>agentes</strong></span> <span class='ocrx_word' id='word_1_136' title='bbox 733 1501 809 1559; x_wconf 85' lang='lat' dir='ltr'><strong>circa</strong></span> <span class='ocrx_word' id='word_1_137' title='bbox 831 1518 910 1581; x_wconf 80' lang='lat' dir='ltr'><strong>mare</strong></span> <span class='ocrx_word' id='word_1_138' title='bbox 929 1499 1170 1565; x_wconf 76' lang='lat' dir='ltr'><strong>lladriaticum.15</strong></span> 
     </span>
     <span class='ocr_line' id='line_1_17' title="bbox 94 1583 1134 1660; baseline -0.004 -13"><span class='ocrx_word' id='word_1_139' title='bbox 94 1583 216 1647; x_wconf 75' lang='lat' dir='ltr'><strong>lsPado</strong></span> <span class='ocrx_word' id='word_1_140' title='bbox 243 1601 316 1644; x_wconf 89' lang='lat' dir='ltr'><strong>vero</strong></span> <span class='ocrx_word' id='word_1_141' title='bbox 345 1584 457 1644; x_wconf 89' lang='lat' dir='ltr'><strong>adnexa</strong></span> <span class='ocrx_word' id='word_1_142' title='bbox 485 1583 581 1643; x_wconf 83' lang='lat' dir='ltr'><strong>fabula</strong></span> <span class='ocrx_word' id='word_1_143' title='bbox 613 1592 659 1643; x_wconf 91' lang='lat' dir='ltr'><strong>est</strong></span> <span class='ocrx_word' id='word_1_144' title='bbox 688 1584 825 1643; x_wconf 89' lang='lat' dir='ltr'><strong>evidente</strong></span> <span class='ocrx_word' id='word_1_145' title='bbox 851 1601 953 1659; x_wconf 89' lang='lat' dir='ltr'><strong>causa,</strong></span> <span class='ocrx_word' id='word_1_146' title='bbox 985 1583 1134 1660; x_wconf 85' lang='lat' dir='ltr'><strong>hodieque</strong></span> 
     </span>
     <span class='ocr_line' id='line_1_18' title="bbox 136 1665 1134 1745; baseline 0 -18"><span class='ocrx_word' id='word_1_147' title='bbox 136 1665 405 1745; x_wconf 87' lang='lat' dir='ltr'><strong>Transpadanorum</strong></span> <span class='ocrx_word' id='word_1_148' title='bbox 432 1666 599 1745; x_wconf 83' lang='lat' dir='ltr'><strong>agrestibus</strong></span> <span class='ocrx_word' id='word_1_149' title='bbox 622 1667 736 1726; x_wconf 85' lang='lat' dir='ltr'><strong>leminis</strong></span> <span class='ocrx_word' id='word_1_150' title='bbox 761 1667 907 1726; x_wconf 88' lang='lat' dir='ltr'><strong>monilium</strong></span> <span class='ocrx_word' id='word_1_151' title='bbox 940 1669 1003 1726; x_wconf 90' lang='lat' dir='ltr'><strong>vice</strong></span> <span class='ocrx_word' id='word_1_152' title='bbox 1034 1668 1134 1727; x_wconf 88' lang='lat' dir='ltr'><strong>sucina</strong></span> 
     </span>
     <span class='ocr_line' id='line_1_19' title="bbox 135 1748 1134 1827; baseline -0.002 -16"><span class='ocrx_word' id='word_1_153' title='bbox 135 1751 330 1827; x_wconf 84' lang='lat' dir='ltr'><strong>gestantibus,</strong></span> <span class='ocrx_word' id='word_1_154' title='bbox 346 1769 477 1812; x_wconf 87' lang='lat' dir='ltr'><strong>maxume</strong></span> <span class='ocrx_word' id='word_1_155' title='bbox 492 1751 609 1812; x_wconf 87' lang='lat' dir='ltr'><strong>decoris</strong></span> <span class='ocrx_word' id='word_1_156' title='bbox 623 1752 727 1827; x_wconf 88' lang='lat' dir='ltr'><strong>gratia,</strong></span> <span class='ocrx_word' id='word_1_157' title='bbox 740 1749 793 1810; x_wconf 90' lang='lat' dir='ltr'><strong>sed</strong></span> <span class='ocrx_word' id='word_1_158' title='bbox 809 1759 839 1809; x_wconf 91' lang='lat' dir='ltr'><strong>et</strong></span> <span class='ocrx_word' id='word_1_159' title='bbox 853 1751 1024 1827; x_wconf 89' lang='lat' dir='ltr'><strong>medicinae,</strong></span> <span class='ocrx_word' id='word_1_160' title='bbox 1039 1748 1134 1810; x_wconf 89' lang='lat' dir='ltr'><strong>credi-</strong></span> 
     </span>
     <span class='ocr_line' id='line_1_20' title="bbox 134 1834 1132 1913; baseline 0.001 -20"><span class='ocrx_word' id='word_1_161' title='bbox 134 1844 181 1894; x_wconf 91' lang='lat' dir='ltr'><strong>tur</strong></span> <span class='ocrx_word' id='word_1_162' title='bbox 199 1837 308 1913; x_wconf 90' lang='lat' dir='ltr'><strong>quippe</strong></span> <span class='ocrx_word' id='word_1_163' title='bbox 324 1835 450 1894; x_wconf 90' lang='lat' dir='ltr'><strong>tonsillis</strong></span> <span class='ocrx_word' id='word_1_164' title='bbox 466 1837 609 1894; x_wconf 89' lang='lat' dir='ltr'><strong>resistere</strong></span> <span class='ocrx_word' id='word_1_165' title='bbox 625 1842 655 1894; x_wconf 94' lang='lat' dir='ltr'><strong>et</strong></span> <span class='ocrx_word' id='word_1_166' title='bbox 673 1834 795 1892; x_wconf 88' lang='lat' dir='ltr'><strong>faucium</strong></span> <span class='ocrx_word' id='word_1_167' title='bbox 810 1835 905 1910; x_wconf 89' lang='lat' dir='ltr'><strong>vitiis,</strong></span> <span class='ocrx_word' id='word_1_168' title='bbox 922 1835 1003 1894; x_wconf 89' lang='lat' dir='ltr'><strong>vario</strong></span> <span class='ocrx_word' id='word_1_169' title='bbox 1018 1853 1132 1911; x_wconf 91' lang='lat' dir='ltr'><strong>genere</strong></span> 
     </span>
     <span class='ocr_line' id='line_1_21' title="bbox 92 1912 1169 1996; baseline -0.002 -16"><span class='ocrx_word' id='word_1_170' title='bbox 92 1912 273 1996; x_wconf 72' lang='lat' dir='ltr'><strong>scaenarum</strong></span> <span class='ocrx_word' id='word_1_171' title='bbox 296 1920 375 1977; x_wconf 89' lang='lat' dir='ltr'><strong>iuxta</strong></span> <span class='ocrx_word' id='word_1_172' title='bbox 390 1918 475 1996; x_wconf 83' lang='lat' dir='ltr'><strong>Alpis</strong></span> <span class='ocrx_word' id='word_1_173' title='bbox 490 1918 646 1977; x_wconf 85' lang='lat' dir='ltr'><strong>infestante</strong></span> <span class='ocrx_word' id='word_1_174' title='bbox 662 1925 777 1994; x_wconf 89' lang='lat' dir='ltr'><strong>guttura</strong></span> <span class='ocrx_word' id='word_1_175' title='bbox 799 1916 950 1976; x_wconf 90' lang='lat' dir='ltr'><strong>hominum.</strong></span> <span class='ocrx_word' id='word_1_176' title='bbox 983 1920 1133 1978; x_wconf 85' lang='lat' dir='ltr'><strong>sexcentis</strong></span> <span class='ocrx_word' id='word_1_177' title='bbox 1144 1937 1169 1978; x_wconf 81' lang='lat' dir='ltr'><strong>ao</strong></span> 
     </span>
     <span class='ocr_line' id='line_1_22' title="bbox 135 1999 1134 2081; baseline 0.001 -20"><span class='ocrx_word' id='word_1_178' title='bbox 135 2001 255 2081; x_wconf 88' lang='lat' dir='ltr'><strong>llpass.</strong></span> <span class='ocrx_word' id='word_1_179' title='bbox 278 2003 343 2061; x_wconf 85' lang='lat' dir='ltr'><strong>lere</strong></span> <span class='ocrx_word' id='word_1_180' title='bbox 366 2000 544 2060; x_wconf 82' lang='lat' dir='ltr'><strong>aCarnunto</strong></span> <span class='ocrx_word' id='word_1_181' title='bbox 560 2000 725 2060; x_wconf 89' lang='lat' dir='ltr'><strong>Pannoniae</strong></span> <span class='ocrx_word' id='word_1_182' title='bbox 748 1999 854 2060; x_wconf 90' lang='lat' dir='ltr'><strong>abesse</strong></span> <span class='ocrx_word' id='word_1_183' title='bbox 874 2000 942 2060; x_wconf 90' lang='lat' dir='ltr'><strong>litus</strong></span> <span class='ocrx_word' id='word_1_184' title='bbox 965 2001 993 2061; x_wconf 91' lang='lat' dir='ltr'><strong>id</strong></span> <span class='ocrx_word' id='word_1_185' title='bbox 1017 2000 1134 2062; x_wconf 87' lang='lat' dir='ltr'><strong>Germa·</strong></span> 
     </span>
     <span class='ocr_line' id='line_1_23' title="bbox 135 2084 1133 2163; baseline 0 -19"><span class='ocrx_word' id='word_1_186' title='bbox 135 2087 200 2144; x_wconf 89' lang='lat' dir='ltr'><strong>niae</strong></span> <span class='ocrx_word' id='word_1_187' title='bbox 221 2103 259 2144; x_wconf 87' lang='lat' dir='ltr'><strong>ex</strong></span> <span class='ocrx_word' id='word_1_188' title='bbox 280 2102 337 2163; x_wconf 94' lang='lat' dir='ltr'><strong>quo</strong></span> <span class='ocrx_word' id='word_1_189' title='bbox 358 2084 504 2144; x_wconf 92' lang='lat' dir='ltr'><strong>invehitur</strong></span> <span class='ocrx_word' id='word_1_190' title='bbox 526 2085 728 2161; x_wconf 90' lang='lat' dir='ltr'><strong>percognitum</strong></span> <span class='ocrx_word' id='word_1_191' title='bbox 749 2101 852 2162; x_wconf 88' lang='lat' dir='ltr'><strong>nuper.</strong></span> <span class='ocrx_word' id='word_1_192' title='bbox 887 2086 1018 2163; x_wconf 86' lang='lat' dir='ltr'><strong>vivitque</strong></span> <span class='ocrx_word' id='word_1_193' title='bbox 1040 2103 1133 2162; x_wconf 88' lang='lat' dir='ltr'><strong>eques</strong></span> 
     </span>
     <span class='ocr_line' id='line_1_24' title="bbox 133 2165 1134 2244; baseline 0.004 -20"><span class='ocrx_word' id='word_1_194' title='bbox 133 2167 279 2227; x_wconf 89' lang='lat' dir='ltr'><strong>Romanus</strong></span> <span class='ocrx_word' id='word_1_195' title='bbox 301 2166 380 2226; x_wconf 91' lang='lat' dir='ltr'><strong>adid</strong></span> <span class='ocrx_word' id='word_1_196' title='bbox 403 2165 613 2244; x_wconf 86' lang='lat' dir='ltr'><strong>conparandum</strong></span> <span class='ocrx_word' id='word_1_197' title='bbox 632 2168 736 2226; x_wconf 92' lang='lat' dir='ltr'><strong>missus</strong></span> <span class='ocrx_word' id='word_1_198' title='bbox 755 2167 790 2227; x_wconf 89' lang='lat' dir='ltr'><strong>ab</strong></span> <span class='ocrx_word' id='word_1_199' title='bbox 809 2167 919 2228; x_wconf 91' lang='lat' dir='ltr'><strong>luliano</strong></span> <span class='ocrx_word' id='word_1_200' title='bbox 936 2177 1055 2228; x_wconf 88' lang='lat' dir='ltr'><strong>curante</strong></span> <span class='ocrx_word' id='word_1_201' title='bbox 1071 2168 1134 2244; x_wconf 86' lang='lat' dir='ltr'><strong>gla-</strong></span> 
     </span>
     <span class='ocr_line' id='line_1_25' title="bbox 134 2249 1133 2330; baseline 0.003 -21"><span class='ocrx_word' id='word_1_202' title='bbox 134 2249 274 2310; x_wconf 89' lang='lat' dir='ltr'><strong>diatorum</strong></span> <span class='ocrx_word' id='word_1_203' title='bbox 305 2269 405 2309; x_wconf 92' lang='lat' dir='ltr'><strong>munus</strong></span> <span class='ocrx_word' id='word_1_204' title='bbox 432 2249 558 2310; x_wconf 87' lang='lat' dir='ltr'><strong>Neronis</strong></span> <span class='ocrx_word' id='word_1_205' title='bbox 586 2252 742 2330; x_wconf 91' lang='lat' dir='ltr'><strong>principis,</strong></span> <span class='ocrx_word' id='word_1_206' title='bbox 769 2253 817 2329; x_wconf 89' lang='lat' dir='ltr'><strong>qui</strong></span> <span class='ocrx_word' id='word_1_207' title='bbox 847 2261 877 2312; x_wconf 91' lang='lat' dir='ltr'><strong>et</strong></span> <span class='ocrx_word' id='word_1_208' title='bbox 905 2253 1067 2312; x_wconf 90' lang='lat' dir='ltr'><strong>conmercia</strong></span> <span class='ocrx_word' id='word_1_209' title='bbox 1095 2270 1133 2312; x_wconf 92' lang='lat' dir='ltr'><strong>ea</strong></span> 
     </span>
     <span class='ocr_line' id='line_1_26' title="bbox 135 2334 1169 2413; baseline 0.006 -21"><span class='ocrx_word' id='word_1_210' title='bbox 135 2343 164 2392; x_wconf 94' lang='lat' dir='ltr'><strong>et</strong></span> <span class='ocrx_word' id='word_1_211' title='bbox 180 2334 267 2393; x_wconf 89' lang='lat' dir='ltr'><strong>litora</strong></span> <span class='ocrx_word' id='word_1_212' title='bbox 285 2336 467 2412; x_wconf 83' lang='lat' dir='ltr'><strong>peragravit,</strong></span> <span class='ocrx_word' id='word_1_213' title='bbox 491 2343 568 2394; x_wconf 91' lang='lat' dir='ltr'><strong>tanta</strong></span> <span class='ocrx_word' id='word_1_214' title='bbox 586 2337 671 2413; x_wconf 92' lang='lat' dir='ltr'><strong>copia</strong></span> <span class='ocrx_word' id='word_1_215' title='bbox 691 2337 804 2395; x_wconf 90' lang='lat' dir='ltr'><strong>invecta</strong></span> <span class='ocrx_word' id='word_1_216' title='bbox 821 2344 851 2393; x_wconf 90' lang='lat' dir='ltr'><strong>ut</strong></span> <span class='ocrx_word' id='word_1_217' title='bbox 866 2337 941 2393; x_wconf 92' lang='lat' dir='ltr'><strong>retia</strong></span> <span class='ocrx_word' id='word_1_218' title='bbox 957 2334 1131 2395; x_wconf 88' lang='lat' dir='ltr'><strong>coercendis</strong></span> <span class='ocrx_word' id='word_1_219' title='bbox 1143 2360 1169 2399; x_wconf 81' lang='lat' dir='ltr'><strong>as</strong></span> 
     </span>
     <span class='ocr_line' id='line_1_27' title="bbox 134 2417 1133 2496; baseline 0.001 -19"><span class='ocrx_word' id='word_1_220' title='bbox 134 2419 205 2477; x_wconf 87' lang='lat' dir='ltr'><strong>feris</strong></span> <span class='ocrx_word' id='word_1_221' title='bbox 225 2417 341 2496; x_wconf 93' lang='lat' dir='ltr'><strong>podium</strong></span> <span class='ocrx_word' id='word_1_222' title='bbox 359 2420 546 2495; x_wconf 84' lang='lat' dir='ltr'><strong>protegentia</strong></span> <span class='ocrx_word' id='word_1_223' title='bbox 567 2420 673 2490; x_wconf 85' lang='lat' dir='ltr'><strong>sucinis</strong></span> <span class='ocrx_word' id='word_1_224' title='bbox 695 2419 887 2490; x_wconf 87' lang='lat' dir='ltr'><strong>nudarentur,</strong></span> <span class='ocrx_word' id='word_1_225' title='bbox 910 2435 987 2475; x_wconf 88' lang='lat' dir='ltr'><strong>arma</strong></span> <span class='ocrx_word' id='word_1_226' title='bbox 1006 2435 1076 2476; x_wconf 90' lang='lat' dir='ltr'><strong>vero</strong></span> <span class='ocrx_word' id='word_1_227' title='bbox 1101 2427 1133 2478; x_wconf 88' lang='grc' dir='ltr'><strong>ει</strong></span> 
     </span>
     <span class='ocr_line' id='line_1_28' title="bbox 133 2499 1132 2578; baseline 0.002 -19"><span class='ocrx_word' id='word_1_228' title='bbox 133 2501 244 2562; x_wconf 90' lang='lat' dir='ltr'><strong>libitina</strong></span> <span class='ocrx_word' id='word_1_229' title='bbox 267 2510 404 2578; x_wconf 88' lang='lat' dir='ltr'><strong>totusque</strong></span> <span class='ocrx_word' id='word_1_230' title='bbox 419 2502 501 2561; x_wconf 91' lang='lat' dir='ltr'><strong>unius</strong></span> <span class='ocrx_word' id='word_1_231' title='bbox 523 2501 579 2560; x_wconf 92' lang='lat' dir='ltr'><strong>diei</strong></span> <span class='ocrx_word' id='word_1_232' title='bbox 602 2500 754 2578; x_wconf 86' lang='lat' dir='ltr'><strong>adparatus</strong></span> <span class='ocrx_word' id='word_1_233' title='bbox 773 2501 813 2576; x_wconf 89' lang='lat' dir='ltr'><strong>[in</strong></span> <span class='ocrx_word' id='word_1_234' title='bbox 830 2499 991 2558; x_wconf 87' lang='lat' dir='ltr'><strong>variatione</strong></span> <span class='ocrx_word' id='word_1_235' title='bbox 1005 2516 1132 2577; x_wconf 90' lang='lat' dir='ltr'><strong>pompae</strong></span> 
     </span>
     <span class='ocr_line' id='line_1_29' title="bbox 90 2581 1131 2664; baseline -0.005 -16"><span class='ocrx_word' id='word_1_236' title='bbox 90 2585 315 2662; x_wconf 76' lang='lat' dir='ltr'><strong>aostngutornm</strong></span> <span class='ocrx_word' id='word_1_237' title='bbox 344 2586 466 2664; x_wconf 85' lang='lat' dir='ltr'><strong>dierum]</strong></span> <span class='ocrx_word' id='word_1_238' title='bbox 491 2592 607 2644; x_wconf 88' lang='lat' dir='ltr'><strong>essete</strong></span> <span class='ocrx_word' id='word_1_239' title='bbox 630 2584 741 2643; x_wconf 90' lang='lat' dir='ltr'><strong>sucino.</strong></span> <span class='ocrx_word' id='word_1_240' title='bbox 784 2598 942 2639; x_wconf 84' lang='lat' dir='ltr'><strong>maxumum</strong></span> <span class='ocrx_word' id='word_1_241' title='bbox 964 2581 1075 2660; x_wconf 90' lang='lat' dir='ltr'><strong>pondos</strong></span> <span class='ocrx_word' id='word_1_242' title='bbox 1103 2586 1131 2644; x_wconf 91' lang='lat' dir='ltr'><strong>is</strong></span> 
     </span>
     <span class='ocr_line' id='line_1_30' title="bbox 133 2663 1129 2744; baseline 0.001 -17"><span class='ocrx_word' id='word_1_243' title='bbox 133 2669 257 2744; x_wconf 87' lang='lat' dir='ltr'><strong>glaebae</strong></span> <span class='ocrx_word' id='word_1_244' title='bbox 275 2668 370 2728; x_wconf 90' lang='lat' dir='ltr'><strong>attulit</strong></span> <span class='ocrx_word' id='word_1_245' title='bbox 386 2666 455 2726; x_wconf 90' lang='lat' dir='ltr'><strong>Xlll</strong></span> <span class='ocrx_word' id='word_1_246' title='bbox 471 2667 615 2726; x_wconf 89' lang='lat' dir='ltr'><strong>librarum.</strong></span> <span class='ocrx_word' id='word_1_247' title='bbox 651 2665 729 2724; x_wconf 89' lang='lat' dir='ltr'><strong>nasci</strong></span> <span class='ocrx_word' id='word_1_248' title='bbox 751 2673 781 2724; x_wconf 90' lang='grc' dir='ltr'><strong>ει</strong></span> <span class='ocrx_word' id='word_1_249' title='bbox 797 2665 826 2723; x_wconf 95' lang='lat' dir='ltr'><strong>in</strong></span> <span class='ocrx_word' id='word_1_250' title='bbox 842 2663 920 2725; x_wconf 91' lang='lat' dir='ltr'><strong>lndia</strong></span> <span class='ocrx_word' id='word_1_251' title='bbox 942 2674 1052 2726; x_wconf 91' lang='lat' dir='ltr'><strong>certum</strong></span> <span class='ocrx_word' id='word_1_252' title='bbox 1071 2676 1129 2729; x_wconf 91' lang='lat' dir='ltr'><strong>est.</strong></span> 
     </span>
     <span class='ocr_line' id='line_1_31' title="bbox 133 2746 1168 2830; baseline 0.003 -21"><span class='ocrx_word' id='word_1_253' title='bbox 133 2751 294 2810; x_wconf 81' lang='lat' dir='ltr'><strong>Archelaus</strong></span> <span class='ocrx_word' id='word_1_254' title='bbox 321 2753 369 2830; x_wconf 88' lang='lat' dir='ltr'><strong>qni</strong></span> <span class='ocrx_word' id='word_1_255' title='bbox 399 2752 531 2826; x_wconf 90' lang='lat' dir='ltr'><strong>regnavit</strong></span> <span class='ocrx_word' id='word_1_256' title='bbox 553 2752 581 2809; x_wconf 94' lang='lat' dir='ltr'><strong>in</strong></span> <span class='ocrx_word' id='word_1_257' title='bbox 603 2746 785 2826; x_wconf 77' lang='lat' dir='ltr'><strong>Cappadocia</strong></span> <span class='ocrx_word' id='word_1_258' title='bbox 805 2747 884 2808; x_wconf 92' lang='lat' dir='ltr'><strong>illinc</strong></span> <span class='ocrx_word' id='word_1_259' title='bbox 908 2751 995 2828; x_wconf 92' lang='lat' dir='ltr'><strong>pineo</strong></span> <span class='ocrx_word' id='word_1_260' title='bbox 1017 2753 1168 2817; x_wconf 73' lang='lat' dir='ltr'><strong>corticem</strong></span> 
     </span>
     <span class='ocr_line' id='line_1_32' title="bbox 132 2829 1131 2911; baseline 0.004 -21"><span class='ocrx_word' id='word_1_261' title='bbox 132 2833 303 2892; x_wconf 88' lang='lat' dir='ltr'><strong>inhaerente</strong></span> <span class='ocrx_word' id='word_1_262' title='bbox 323 2833 410 2892; x_wconf 88' lang='lat' dir='ltr'><strong>tradit</strong></span> <span class='ocrx_word' id='word_1_263' title='bbox 428 2831 532 2891; x_wconf 89' lang='lat' dir='ltr'><strong>advehi</strong></span> <span class='ocrx_word' id='word_1_264' title='bbox 553 2830 624 2890; x_wconf 93' lang='lat' dir='ltr'><strong>rude</strong></span> <span class='ocrx_word' id='word_1_265' title='bbox 648 2829 793 2909; x_wconf 90' lang='lat' dir='ltr'><strong>polirique</strong></span> <span class='ocrx_word' id='word_1_266' title='bbox 818 2831 903 2911; x_wconf 89' lang='lat' dir='ltr'><strong>adipe</strong></span> <span class='ocrx_word' id='word_1_267' title='bbox 919 2835 979 2892; x_wconf 91' lang='lat' dir='ltr'><strong>suis</strong></span> <span class='ocrx_word' id='word_1_268' title='bbox 995 2834 1131 2895; x_wconf 90' lang='lat' dir='ltr'><strong>lactentis</strong></span> 
     </span>
     <span class='ocr_line' id='line_1_33' title="bbox 132 2913 1130 2995; baseline 0.005 -22"><span class='ocrx_word' id='word_1_269' title='bbox 132 2916 283 2974; x_wconf 88' lang='lat' dir='ltr'><strong>incoctum.</strong></span> <span class='ocrx_word' id='word_1_270' title='bbox 310 2913 446 2991; x_wconf 88' lang='lat' dir='ltr'><strong>liquidum</strong></span> <span class='ocrx_word' id='word_1_271' title='bbox 461 2916 489 2974; x_wconf 93' lang='lat' dir='ltr'><strong>id</strong></span> <span class='ocrx_word' id='word_1_272' title='bbox 506 2915 598 2993; x_wconf 92' lang='lat' dir='ltr'><strong>primo</strong></span> <span class='ocrx_word' id='word_1_273' title='bbox 614 2913 765 2975; x_wconf 86' lang='lat' dir='ltr'><strong>destillare</strong></span> <span class='ocrx_word' id='word_1_274' title='bbox 777 2925 947 2993; x_wconf 89' lang='lat' dir='ltr'><strong>argumento</strong></span> <span class='ocrx_word' id='word_1_275' title='bbox 961 2926 1026 2977; x_wconf 90' lang='lat' dir='ltr'><strong>sunt</strong></span> <span class='ocrx_word' id='word_1_276' title='bbox 1043 2936 1130 2995; x_wconf 89' lang='lat' dir='ltr'><strong>quae·</strong></span> 
     </span>
     <span class='ocr_line' id='line_1_34' title="bbox 133 2997 1130 3079; baseline 0.004 -22"><span class='ocrx_word' id='word_1_277' title='bbox 133 2997 195 3057; x_wconf 89' lang='lat' dir='ltr'><strong>dam</strong></span> <span class='ocrx_word' id='word_1_278' title='bbox 215 3000 291 3057; x_wconf 88' lang='lat' dir='ltr'><strong>intus</strong></span> <span class='ocrx_word' id='word_1_279' title='bbox 312 2997 501 3073; x_wconf 87' lang='lat' dir='ltr'><strong>tralucentia,</strong></span> <span class='ocrx_word' id='word_1_280' title='bbox 530 3007 561 3056; x_wconf 94' lang='lat' dir='ltr'><strong>ut</strong></span> <span class='ocrx_word' id='word_1_281' title='bbox 584 2998 722 3058; x_wconf 82' lang='lat' dir='ltr'><strong>formicae</strong></span> <span class='ocrx_word' id='word_1_282' title='bbox 743 3000 911 3077; x_wconf 89' lang='lat' dir='ltr'><strong>culicesque</strong></span> <span class='ocrx_word' id='word_1_283' title='bbox 932 3009 962 3059; x_wconf 92' lang='lat' dir='ltr'><strong>et</strong></span> <span class='ocrx_word' id='word_1_284' title='bbox 990 3001 1130 3079; x_wconf 88' lang='lat' dir='ltr'><strong>lacertae,</strong></span> 
     </span>
     <span class='ocr_line' id='line_1_35' title="bbox 133 3080 1130 3162; baseline 0.003 -21"><span class='ocrx_word' id='word_1_285' title='bbox 133 3100 206 3160; x_wconf 87' lang='lat' dir='ltr'><strong>quae</strong></span> <span class='ocrx_word' id='word_1_286' title='bbox 224 3080 392 3143; x_wconf 88' lang='lat' dir='ltr'><strong>adhaesisse</strong></span> <span class='ocrx_word' id='word_1_287' title='bbox 409 3089 523 3141; x_wconf 90' lang='lat' dir='ltr'><strong>musteo</strong></span> <span class='ocrx_word' id='word_1_288' title='bbox 545 3099 604 3142; x_wconf 93' lang='lat' dir='ltr'><strong>non</strong></span> <span class='ocrx_word' id='word_1_289' title='bbox 626 3091 671 3143; x_wconf 89' lang='lat' dir='ltr'><strong>est</strong></span> <span class='ocrx_word' id='word_1_290' title='bbox 694 3083 809 3143; x_wconf 94' lang='lat' dir='ltr'><strong>dubium</strong></span> <span class='ocrx_word' id='word_1_291' title='bbox 830 3084 883 3162; x_wconf 80' lang='lat' dir='ltr'><strong>{et}</strong></span> <span class='ocrx_word' id='word_1_292' title='bbox 904 3084 1014 3145; x_wconf 92' lang='lat' dir='ltr'><strong>inclusa</strong></span> <span class='ocrx_word' id='word_1_293' title='bbox 1028 3085 1130 3146; x_wconf 91' lang='lat' dir='ltr'><strong>dures·</strong></span> 
     </span>
     <span class='ocr_line' id='line_1_36' title="bbox 134 3166 1164 3246; baseline 0.002 -22"><span class='ocrx_word' id='word_1_294' title='bbox 134 3175 219 3226; x_wconf 89' lang='lat' dir='ltr'><strong>cente</strong></span> <span class='ocrx_word' id='word_1_295' title='bbox 237 3166 352 3245; x_wconf 86' lang='lat' dir='ltr'><strong>{eodem</strong></span> <span class='ocrx_word' id='word_1_296' title='bbox 368 3166 566 3246; x_wconf 85' lang='lat' dir='ltr'><strong>remansissel.</strong></span> <span class='ocrx_word' id='word_1_297' title='bbox 1138 3196 1164 3237; x_wconf 65' lang='lat'><strong>35</strong></span> 
     </span>
     <span class='ocr_line' id='line_1_37' title="bbox 90 3249 1128 3331; baseline 0.001 -20"><span class='ocrx_word' id='word_1_298' title='bbox 90 3258 123 3313; x_wconf 81' lang='lat'><strong>47</strong></span> <span class='ocrx_word' id='word_1_299' title='bbox 197 3252 280 3329; x_wconf 80' lang='lat' dir='ltr'><strong>(tt.)</strong></span> <span class='ocrx_word' id='word_1_300' title='bbox 297 3249 411 3310; x_wconf 84' lang='lat' dir='ltr'><strong>Genera</strong></span> <span class='ocrx_word' id='word_1_301' title='bbox 424 3251 486 3310; x_wconf 94' lang='lat' dir='ltr'><strong>eius</strong></span> <span class='ocrx_word' id='word_1_302' title='bbox 499 3249 582 3328; x_wconf 87' lang='lat' dir='ltr'><strong>plura</strong></span> <span class='ocrx_word' id='word_1_303' title='bbox 593 3252 679 3329; x_wconf 89' lang='lat' dir='ltr'><strong>[sunt.</strong></span> <span class='ocrx_word' id='word_1_304' title='bbox 693 3270 731 3310; x_wconf 88' lang='lat' dir='ltr'><strong>ex</strong></span> <span class='ocrx_word' id='word_1_305' title='bbox 742 3252 789 3331; x_wconf 85' lang='lat' dir='ltr'><strong>iis}</strong></span> <span class='ocrx_word' id='word_1_306' title='bbox 805 3251 923 3312; x_wconf 90' lang='lat' dir='ltr'><strong>candida</strong></span> <span class='ocrx_word' id='word_1_307' title='bbox 936 3252 1033 3312; x_wconf 89' lang='lat' dir='ltr'><strong>odoris</strong></span> <span class='ocrx_word' id='word_1_308' title='bbox 1044 3270 1128 3330; x_wconf 88' lang='lat' dir='ltr'><strong>prae·</strong></span> 
     </span>
     <span class='ocr_line' id='line_1_38' title="bbox 133 3334 1128 3413; baseline 0.002 -21"><span class='ocrx_word' id='word_1_309' title='bbox 133 3335 308 3394; x_wconf 86' lang='lat' dir='ltr'><strong>stantissimi.</strong></span> <span class='ocrx_word' id='word_1_310' title='bbox 351 3334 403 3397; x_wconf 87' lang='lat' dir='ltr'><strong>sed</strong></span> <span class='ocrx_word' id='word_1_311' title='bbox 423 3353 478 3394; x_wconf 90' lang='lat' dir='ltr'><strong>nec</strong></span> <span class='ocrx_word' id='word_1_312' title='bbox 499 3334 544 3393; x_wconf 89' lang='lat' dir='ltr'><strong>his</strong></span> <span class='ocrx_word' id='word_1_313' title='bbox 564 3353 618 3396; x_wconf 93' lang='lat' dir='ltr'><strong>nec</strong></span> <span class='ocrx_word' id='word_1_314' title='bbox 639 3337 744 3395; x_wconf 93' lang='lat' dir='ltr'><strong>cerinis</strong></span> <span class='ocrx_word' id='word_1_315' title='bbox 770 3337 900 3413; x_wconf 87' lang='lat' dir='ltr'><strong>pretium.</strong></span> <span class='ocrx_word' id='word_1_316' title='bbox 936 3336 1021 3395; x_wconf 81' lang='lat' dir='ltr'><strong>fulvis</strong></span> <span class='ocrx_word' id='word_1_317' title='bbox 1037 3335 1128 3394; x_wconf 90' lang='lat' dir='ltr'><strong>maior</strong></span> 
     </span>
     <span class='ocr_line' id='line_1_39' title="bbox 125 3418 1129 3497; baseline 0.002 -23"><span class='ocrx_word' id='word_1_318' title='bbox 125 3419 299 3479; x_wconf 80' lang='lat' dir='ltr'><strong>auctoritas.</strong></span> <span class='ocrx_word' id='word_1_319' title='bbox 338 3437 376 3479; x_wconf 89' lang='lat' dir='ltr'><strong>ex</strong></span> <span class='ocrx_word' id='word_1_320' title='bbox 390 3418 427 3478; x_wconf 90' lang='lat' dir='ltr'><strong>iis</strong></span> <span class='ocrx_word' id='word_1_321' title='bbox 445 3420 597 3479; x_wconf 91' lang='lat' dir='ltr'><strong>etiamnum</strong></span> <span class='ocrx_word' id='word_1_322' title='bbox 613 3419 736 3497; x_wconf 90' lang='lat' dir='ltr'><strong>amplior</strong></span> <span class='ocrx_word' id='word_1_323' title='bbox 756 3418 980 3495; x_wconf 88' lang='lat' dir='ltr'><strong>tralucentibus,</strong></span> <span class='ocrx_word' id='word_1_324' title='bbox 997 3426 1129 3496; x_wconf 89' lang='lat' dir='ltr'><strong>praeter·</strong></span> 
     </span>
    </p>
   </div>
   <div class='ocr_carea' id='block_1_5' title="bbox 0 0 1194 3840">
    <p class='ocr_par' dir='ltr' id='par_1_5' title="bbox 0 0 1194 3840">
     <span class='ocr_line' id='line_1_40' title="bbox 0 0 1194 3840; baseline 0 2"><span class='ocrx_word' id='word_1_325' title='bbox 0 0 1194 3840; x_wconf 95' lang='lat' dir='ltr'><strong> </strong></span> 
     </span>
    </p>
   </div>
  </div>
 </body>
</html>
