2378 3840
186 283 190 289 ,
273 232 352 279 nur.
374 227 463 276 rursu.
487 226 609 274 xxxvr.
633 221 752 277 ro-ao.
771 212 922 289 (ao—38.)
1043 207 1097 269 131

98 384 202 463 plexus
218 391 264 442 est
281 391 405 459 terram,
421 381 571 442 oculorum
585 378 801 439 medicamentis
817 376 1015 453 utilissimum,
1031 376 1101 435 item

96 484 277 528 mammarum
292 484 325 525 ac
344 467 461 526 testium
479 465 566 525 vitiis.

156 550 238 628 (33.)
260 548 407 609 Melitinus
423 548 498 627 lapis
515 565 613 608 sucum
629 548 750 607 remittit
767 544 879 604 dulcem
894 542 1099 620 melleumque.

99 643 199 694 tunsus
217 642 248 693 et
263 651 349 694 cerae
360 634 465 692 mixtus
483 630 684 709 eruptionibus
702 631 825 708 pituitae
839 628 1018 705 maculisque
1034 642 1098 684 eor-

76 719 178 798 uporis
202 716 335 779 medetur
359 725 389 776 et
409 717 532 777 faucium
553 713 783 790 exulcerationi,
811 709 990 790 epinyctidas
1010 708 1098 785 tollit,

96 799 245 862 uolvarum
262 798 382 860 dolores
398 801 543 877 inpositus
559 796 681 857 vellere.

159 885 241 962 (34.)
264 881 389 960 Gagates
410 882 484 961 lapis
511 899 616 941 nemen
637 881 725 941 babet
746 880 803 940 loci
824 887 855 939 et
876 879 966 938 amnis
990 876 1078 955 Gagis
1093 886 1139 940 ttl

96 966 211 1039 Lyciae.
247 967 327 1025 aiunt
353 976 383 1026 et
403 968 433 1025 in
452 964 591 1026 Leucolla
614 963 724 1043 expelli
745 965 815 1023 mari
840 970 926 1041 atque
949 963 1023 1021 iutra
1044 960 1100 1020 Xll

97 1048 188 1108 stadia
200 1048 312 1126 colligi.
336 1052 420 1127 niger
433 1048 633 1127 est,‘planus,
650 1049 832 1126 puniemus,
847 1047 940 1122 levis,
955 1063 1013 1105 nou
1029 1044 1099 1104 mul·

61 1141 155 1192 totum
176 1150 192 1192 a
212 1132 293 1210 ligno
318 1132 473 1209 differens,
495 1131 626 1210 fragilis,
650 1130 758 1208 odore,
786 1132 810 1189 si
833 1138 961 1205 teratur,
989 1131 1098 1206 gravis.

97 1215 197 1276 fictilia
225 1235 263 1276 ex
287 1233 323 1276 eo
345 1217 484 1294 iuscripta
501 1233 559 1275 nou
581 1214 731 1291 delentur,
758 1233 820 1274 eum
841 1215 951 1290 uritur,
979 1212 1099 1272 odorem

97 1299 265 1378 sulpureum
280 1299 389 1377 reddit,
413 1301 591 1377 mirumque,
612 1299 779 1360 aeeeuditur
794 1315 882 1376 aqua,
905 1298 973 1357 oleo
995 1298 1100 1356 restin-

96 1385 201 1460 guitur.
236 1383 317 1459 fugat
338 1384 485 1461 serpentis
501 1385 541 1442 ita
563 1390 738 1458 recreatque
753 1382 859 1441 volvae
875 1379 1141 1457 strangulatio-142

97 1483 158 1526 nea.
198 1465 354 1543 deprendit
379 1467 521 1525 sonticum
542 1464 673 1525 morbum
703 1473 733 1524 et
755 1465 952 1541 virginitatem
975 1463 1097 1521 suffitus.

62 1567 86 1607 15
96 1549 172 1608 idem
190 1565 228 1608 ex
251 1550 320 1608 vino
343 1548 482 1609 decoetus
507 1547 642 1608 dentibus
663 1547 796 1608 medetur
818 1548 991 1624 strumisque
1011 1563 1098 1606 cerac

96 1632 266 1710 permixtus.
305 1631 361 1692 boe
379 1630 511 1691 dicuntur
527 1633 568 1690 uti
585 1629 663 1709 lifagi
678 1633 708 1690 iu
723 1648 758 1691 ea
776 1648 859 1708 quam
878 1638 983 1690 vocant
999 1631 1098 1689 anino·

95 1715 246 1792 mantiam,
274 1724 304 1775 et
326 1715 425 1794 peruri
447 1722 574 1793 negant,
602 1716 626 1774 si
650 1722 801 1775 venturum
829 1716 867 1774 sit
888 1713 965 1793 quod
994 1713 1098 1793 aliquis

97 1816 114 1858 o
138 1806 189 1858 tet.

116 1816 135 1877 p
158 1883 240 1961 (35.)
256 1880 417 1961 spongitae
433 1882 546 1962 lapides
562 1882 748 1944 inveniuntur
762 1883 791 1941 in
808 1883 949 1962 spongeis
966 1892 996 1944 et
1013 1892 1079 1943 sunt
1093 1894 1142 1950 143

61 1982 87 2024 ao
95 1967 205 2026 marini.
238 1965 350 2044 quidam
366 1983 419 2027 eos
439 1966 596 2027 tecolithos
616 1975 738 2044 necant,
764 1967 898 2044 queniam
915 1968 1024 2028 vesicis
1040 1986 1099 2030 me·

96 2049 216 2127 dentur,
232 2049 360 2110 calculos
376 2059 510 2129 rumpunt
526 2051 556 2111 iu
571 2051 640 2111 vino
656 2051 726 2129 poti.

159 2133 242 2211 (36.)
254 2132 398 2209 Phrygius
411 2133 485 2211 lapis
497 2136 594 2210 gentis
605 2134 694 2195 babet
706 2151 822 2212 nornen,
833 2143 879 2195 est
891 2144 986 2196 autem
993 2136 1098 2214 glaeba

96 2217 252 2294 pumicosa.
289 2217 382 2274 uritur
405 2223 471 2275 ante
492 2218 561 2276 vino
581 2219 736 2294 perfusus,
761 2217 847 2278 llatur
867 2218 987 2281 follibus
1005 2220 1098 2283 donee

96 2298 240 2374 rufescat,
271 2315 304 2356 ae
324 2311 425 2360 rursus
449 2296 525 2358 dulci
547 2301 615 2358 vino
637 2302 833 2377 exstinguitur
858 2304 950 2362 ternis
973 2303 1096 2382 vicibus,

61 2394 86 2434 tt
97 2380 262 2459 tinguendis
278 2380 410 2440 vestibus
427 2389 535 2441 tantum
550 2381 638 2440 utilis.

160 2463 210 2528 20.
234 2464 316 2544 (37.)
338 2462 471 2543 Sobistes
495 2472 525 2525 et
547 2465 718 2526 haematites
738 2466 943 2544 cognationem
960 2467 1076 2531 babent.
1091 2480 1141 2532 144

96 2548 267 2609 haematitas
291 2549 437 2608 invenitur
462 2550 491 2609 in
513 2549 656 2626 metallis,
678 2557 758 2611 ustus
774 2550 842 2608 mini
859 2548 991 2611 colorem
1006 2553 1098 2612 imita·

96 2639 158 2708 tur,
174 2633 266 2690 uritur
282 2638 313 2690 ut
328 2630 488 2711 Phrygius,
514 2635 567 2695 sed
588 2650 646 2694 non
662 2634 853 2711 restinguitur
871 2633 951 2693 vino.
988 2633 1096 2694 adulte-

97 2721 189 2774 ratum
219 2713 395 2774 haematiten
425 2702 593 2778 dise'ernunt
622 2735 714 2777 venae
746 2716 886 2776 rubentes
917 2724 946 2775 et
973 2717 1097 2778 friabilis

61 2805 204 2857 sanatura.
235 2796 328 2856 oeulis
344 2815 448 2858 eruere
463 2800 591 2861 subfusis
602 2800 673 2860 mire
685 2801 832 2860 convenit.
860 2800 938 2859 sistit
953 2800 1095 2879 profluvia

95 2879 246 2940 mulierum
265 2889 363 2959 potus.
403 2881 505 2941 bibunt
527 2893 556 2943 et
578 2885 626 2960 qui
644 2883 814 2962 sanguinem
828 2884 995 2945 reiecerunt
1012 2904 1073 2946 cum
1087 2897 1138 2951 145

96 2980 166 3023 suco
183 2962 283 3023 Punici
306 2963 382 3025 mali.
421 2973 451 3024 et
472 2967 500 3025 in
522 2968 639 3026 vesicae
656 2967 735 3025 vitiis
754 2966 875 3043 efficax,
893 2966 1002 3028 bibitur
1018 2979 1048 3029 et
1065 2971 1094 3028 in

95 3047 163 3106 vino
179 3055 280 3107 eontra
296 3047 475 3125 serpentium
490 3049 575 3110 ictus.
608 3049 766 3109 infirmiora
782 3051 876 3110 omnia
891 3050 992 3111 eadem
1008 3054 1037 3111 in
1056 3070 1093 3112 eo

95 3148 181 3209 quem
205 3129 337 3191 schiston
358 3130 515 3210 appellant.
561 3133 591 3192 in
611 3134 647 3192 iis
667 3133 847 3193 commodior
867 3150 956 3194 eroco
979 3136 1092 3213 similis,

59 3231 85 3274 ac
94 3214 251 3292 peculiaris
264 3214 425 3293 explendis.
449 3215 599 3277 oculorum
613 3217 721 3278 lacunis
733 3219 763 3277 in
773 3217 850 3277 lacte
861 3216 1011 3296 muliebri,
1026 3237 1094 3298 pro·

95 3299 277 3378 cidentisque
303 3299 405 3360 oeulos
432 3298 585 3379 praeclare
614 3300 739 3362 cohibet.
778 3300 851 3362 baec
877 3310 923 3361 est
948 3305 1092 3364 sententia

95 3397 196 3443 eorum
211 3382 259 3460 qui
273 3384 439 3461 nuperrime
457 3386 613 3463 scripsere.

157 3465 241 3546 (38.)
257 3465 380 3528 Sotacus
396 3469 630 3532 evetustissimis
643 3469 818 3532 auctoribus
828 3470 968 3604 qfunqpp
976 3465 1171 3538 gemamus
