2378 3840
135 179 177 240 96
483 190 512 238 c.
529 191 625 238 nunu
643 189 792 238 succum

138 343 308 422 appellatur.
340 343 376 404 bl.
390 345 480 404 Varro
497 343 583 403 tradit
602 343 657 402 sibi
671 345 818 420 cognitum
834 340 945 402 liomae
961 341 1075 401 Possim
1090 360 1141 402 no-

136 430 228 504 mine,
259 446 357 505 aquo
378 428 453 488 iacta
479 445 562 506 poma
587 435 616 487 et
642 444 712 485 uvas
740 428 809 486 item
839 426 927 504 piscis
954 426 1143 503 conposcio

136 520 258 588 aspectu
281 511 450 571 discernere
476 529 491 570 a
518 513 607 571 veris.
655 511 730 570 idem
756 510 919 587 magnificat
948 508 1140 586 Arcesilaum,

136 593 168 654 L.
184 593 294 655 Luculli
310 595 496 672 familiarem,
519 595 600 654 cuius
616 593 812 672 proplasmata
827 593 918 671 pluris
936 594 1037 652 venire
1055 594 1141 653 solita

96 689 147 741 166
160 678 318 738 artificibus
335 680 409 757 ipsis
423 696 506 756 quam
523 677 645 738 aliorum
662 694 761 756 opera.
795 677 830 736 ab
852 675 908 735 hoc
925 676 1028 735 factam
1043 676 1162 741 vene-5

135 779 197 821 rem
215 760 400 822 Genetricem
420 764 449 820 in
470 762 537 821 foro
556 759 691 822 Caesaris
714 769 744 821 et
765 762 845 838 prius
865 778 948 837 quam
970 759 1141 820 absolvere·

137 853 182 904 tur
203 846 391 906 festinatione
408 844 558 905 dedicandi
576 846 716 923 positam,
736 844 830 904 eidem
849 862 865 903 a
880 842 1001 903 Lucullo
1019 842 1074 903 HS.
1091 846 1142 910 L'ri

136 929 249 1006 signum
275 928 436 990 Felicitatis
461 928 602 1005 locatum,
634 929 679 989 cui
705 946 784 988 mors
810 929 962 1005 utriusque
991 927 1137 987 inviderit.

136 1010 258 1072 Octavio
282 1014 372 1090 equiti
396 1012 526 1072 Romano
551 1020 666 1072 cratera
692 1012 791 1072 facere
812 1011 923 1071 volenti
947 1011 1096 1088 exemplar
1123 1032 1141 1071 e

62 1109 67 1118 ·
134 1113 229 1174 gypso
254 1097 357 1156 factum
381 1096 502 1157 talento.
540 1095 635 1155 laudat
651 1104 681 1155 et
696 1094 845 1156 Pasitelen
862 1096 910 1172 qui
926 1094 1069 1172 plasticen
1084 1113 1142 1155 ma·
1152 1121 1175 1161 m

135 1187 209 1238 trem
225 1179 389 1239 caelaturae
407 1188 437 1240 et
454 1181 610 1239 statuariae
626 1179 851 1256 scalpturaeque
866 1178 937 1238 dixit
951 1186 1000 1255 et,
1015 1197 1078 1237 curn
1095 1198 1141 1238 es-

135 1263 232 1320 setin
255 1262 387 1324 omnibus
412 1263 455 1322 his
476 1279 617 1338 summus,
646 1261 717 1320 nihil
741 1279 872 1339 umquam
893 1262 964 1321 lecit
987 1270 1141 1339 antequam

94 1343 247 1408 retinxit.
283 1352 437 1422 praeterea
456 1345 633 1405 elaboratam
649 1343 723 1405 hanc
737 1353 829 1404 artem
845 1345 947 1405 ltaliae
963 1354 993 1404 et
1008 1363 1140 1406 maxume

134 1426 281 1505 Etruriae,
297 1426 419 1503 Volcam
427 1429 500 1488 Veis
513 1430 635 1488 accitum
648 1431 693 1488 cui
705 1429 821 1490 locaret
837 1428 1009 1507 Tarquinius
1020 1429 1138 1489 Priscus

133 1511 213 1570 Iovis
229 1512 357 1589 effigiem
378 1514 407 1573 in
426 1510 573 1590 Capitolio
591 1512 746 1573 dicandam.
779 1512 896 1573 fictilem
913 1532 978 1573 eum
999 1515 1091 1572 fuisse
1110 1523 1139 1574 et
1151 1537 1174 1576 rs

134 1595 202 1654 ideo
222 1597 333 1655 miniari
357 1597 489 1673 solitum,
512 1596 608 1656 fictilis
625 1599 654 1656 in
673 1597 792 1674 fastigio
808 1596 924 1674 templis
941 1598 1003 1656 eius
1025 1597 1139 1674 quadri-

93 1698 123 1739 ιο,
135 1698 146 1730 c
160 1697 230 1755 gas,
245 1680 281 1738 de
300 1679 403 1756 quibus
422 1698 511 1758 saepe
530 1679 662 1740 diximus.
693 1680 801 1740 abhoc
820 1680 922 1740 eodem
945 1681 1050 1740 factum
1068 1679 1139 1741 ller-

134 1761 227 1821 culem
252 1765 299 1840 qui
326 1763 472 1843 hodieque
496 1765 635 1824 materiae
654 1767 759 1824 nomen
780 1767 809 1823 in
831 1764 903 1823 urbe
924 1766 1041 1824 retinet.
1083 1764 1138 1825 hae

134 1847 209 1905 enim
225 1855 283 1908 tum
303 1848 418 1925 efligies
435 1848 556 1908 deorum
577 1856 659 1907 erant
678 1847 908 1924 laudatissimae,
931 1866 986 1907 nec
1004 1850 1138 1926 poenitet

133 1946 187 1989 nos
204 1930 320 1991 illorum
335 1932 382 2008 qui
399 1930 465 1990 talis
481 1931 554 1991 deos
572 1929 709 2006 coluere,
728 1949 827 1990 aurum
841 1933 917 1991 enim
939 1939 970 1990 et
985 1940 1172 2008 argentumac

132 2031 169 2083 nge
188 2013 231 2073 dis
249 2013 363 2090 quidem
381 2014 582 2074 conficiebant.

91 2106 142 2160 158
203 2096 285 2175 (46.)
310 2095 420 2155 Durant
449 2098 600 2156 etiamnum
617 2097 778 2175 ‘plerisque
804 2099 834 2157 in
858 2097 931 2157 locis
955 2097 1022 2158 talia
1052 2101 1136 2158 simu·

131 2179 217 2239 lacra.
259 2179 375 2256 fastigia
397 2180 511 2256 quidem
532 2181 705 2259 templorum
729 2182 815 2242 etiam
833 2181 862 2240 in
884 2182 956 2242 urbe
978 2181 1083 2242 crebra
1106 2190 1136 2241 et

131 2264 312 2340 municipiis,
327 2265 398 2322 mira
414 2264 561 2324 caelatura
578 2272 607 2325 et
620 2273 683 2326 arte
712 2268 814 2342 suique
839 2266 973 2325 firmitate
990 2267 1135 2325 sanctiora

132 2364 219 2424 auro,
242 2356 324 2408 certe
345 2348 555 2408 innocentiora.
588 2350 617 2408 in
641 2351 731 2409 sacris
756 2348 870 2427 quidem
887 2348 973 2407 etiam
990 2350 1067 2408 inter
1083 2348 1171 2409 basac

132 2448 204 2508 opes
226 2431 313 2492 bodie
336 2448 394 2491 uon
408 2434 543 2492 murrinis
565 2433 797 2508 crystallinisve,
818 2430 872 2489 sed
889 2429 1026 2489 fictilibus
1046 2432 1136 2507 proli·

131 2514 216 2573 batur
239 2517 379 2593 simpuis,
403 2515 591 2577 inenarrabili
613 2524 710 2576 terrae
735 2513 936 2588 benignitate,
958 2513 982 2570 si
1005 2514 1053 2589 qui
1078 2517 1136 2575 sin-

89 2608 140 2662 159
151 2598 218 2674 gula
234 2601 388 2676 aestimet,
410 2601 497 2659 etiam
512 2607 543 2658 ut
560 2600 727 2658 omittantur
743 2597 772 2654 in
786 2595 917 2672 frugum,
935 2595 1010 2671 vini,
1034 2613 1136 2673 pomo-

130 2700 208 2758 rum,
224 2680 396 2759 herbarum,
410 2683 563 2757 fruticum,
577 2679 867 2755 medicamentorum,
885 2679 1067 2739 metallorum
1083 2701 1135 2758 ge-

125 2764 248 2823 neribus
265 2765 409 2825 beneficia
428 2767 490 2824 eius
512 2781 644 2842 quaeque
662 2761 753 2823 adbuc
771 2763 903 2823 diximus.
940 2763 989 2824 vel
1010 2763 1170 2825 adsidui-ao

131 2853 189 2903 tate
206 2848 311 2905 satiant
332 2848 493 2924 figlinarum
510 2863 602 2924 opera
622 2846 791 2907 imbricibus
814 2846 849 2906 ad
867 2854 943 2907 tecta
966 2848 1133 2926 coctilibus,

129 2927 277 2987 laterculis
293 2930 544 3008 fundamentisque
560 2937 625 3007 aut,
643 2948 717 3009 quae
731 2940 797 2990 rota
812 2931 899 3008 liunt,
917 2930 1003 2991 doliis
1015 2930 1051 2991 ad
1067 2933 1133 2992 vina

129 3014 322 3089 excogitatis,
348 3013 492 3091 adaquas
515 3012 639 3091 tubulis,
664 3015 698 3074 ad
720 3014 851 3075 balineas
868 3017 1043 3092 mammatis,
1065 3033 1133 3092 pro·

128 3105 196 3174 pter
212 3114 285 3173 quae
300 3095 391 3157 Numa
406 3115 461 3157 rex
475 3104 637 3175 septumum
655 3098 813 3177 collegium
828 3099 983 3176 figulorum
996 3100 1131 3160 instituit.

86 3190 138 3245 160
149 3181 217 3257 quin
234 3188 264 3239 et
282 3180 434 3241 defunctos
455 3200 523 3241 sese
540 3181 620 3242 multi
636 3183 773 3243 fictilibus
792 3183 875 3243 soliis
891 3182 977 3243 condi
993 3183 1130 3260 maluere,
1142 3203 1168 3244 as

128 3265 203 3323 sicut
217 3262 254 3323 Μ.
269 3265 364 3326 Varro
380 3264 558 3343 Pythagorio
577 3267 663 3327 modo
681 3269 710 3326 in
725 3268 810 3343 myrti
827 3274 856 3327 et
876 3266 961 3327 oleae
977 3275 1063 3344 atque
1080 3284 1131 3344 po·

128 3346 187 3425 puli
207 3349 309 3426 nigrae
332 3349 420 3410 loliis.
464 3351 555 3410 maior
574 3366 642 3427 pars
664 3349 809 3410 hominum
827 3352 953 3411 terrenis
974 3351 1062 3409 utitur
1083 3367 1131 3408 va·

116 3430 171 3491 sb«.
214 3431 313 3493 Samia
336 3435 499 3496 etiamnunc
514 3436 543 3496 iu
561 3429 718 3495 esculentis
738 3433 897 3494 laudantur.
931 3434 1039 3494 retinet
1057 3431 1131 3493 hanc
