2378 3840
269 182 349 270 unu.
373 174 464 270 nisa.
486 222 608 269 xxxvr.
630 219 751 274 rs-ra.
771 206 923 292 (ar-ao.)
1046 209 1104 271 129

100 378 201 440 eadem
228 377 375 438 haematiti
405 386 505 439 natura
533 395 607 455 quae
633 377 773 454 magneti.
823 376 992 456 Aethiopici
1019 395 1103 454 argu-

99 470 225 522 mentum
259 469 305 521 est
336 461 414 539 quod
443 470 578 538 magneta
611 478 727 539 quoque
759 460 844 520 alium
870 460 906 521 ad
937 481 970 521 se
1006 460 1101 520 trahit.

101 546 207 605 Omnes
228 553 323 605 autem
344 546 373 605 hi
392 545 542 606 oculorum
561 545 779 605 medicamentis
803 553 927 623 prosunt
946 545 981 606 ad
1004 563 1083 605 suam
1096 555 1147 610 130

101 632 224 708 quisque
240 633 423 708 portionem,
438 647 630 707 maxumeque
647 627 805 707 epiphoras
819 631 933 689 sistunt.
956 637 1057 690 sanant
1073 637 1103 689 et

77 713 200 774 uadusta
224 716 343 774 cremati
363 716 491 792 tritique.
533 712 618 773 Alius
645 730 745 773 rursus
768 714 799 772 in
821 713 922 773 eadem
943 713 1103 792 Aethiopia

100 815 159 858 non
186 796 289 876 procul
314 815 397 857 mons
430 799 525 875 gignit
554 796 680 874 lapidem
706 796 878 857 theamedon
913 799 961 876 qui
993 798 1102 857 ferrum

101 900 186 942 omne
208 881 299 958 abigit
326 883 508 960 respuitque.
554 880 590 942 de
610 889 732 959 utraque
755 889 856 941 natura
879 883 997 960 saepius
1020 876 1144 962 ᾱί-ξόξξί

100 984 202 1026 ximus.

162 1049 244 1127 (26.)
265 1047 404 1126 Lapidem
419 1067 435 1108 e
450 1048 542 1125 Scyro
559 1048 653 1108 insula
667 1051 812 1127 integrum
829 1050 960 1110 lluctuari
977 1047 1101 1126 tradunt,

64 1152 90 1193 ro
101 1133 223 1195 eundem
240 1134 436 1193 conminutum
451 1135 555 1209 mergi.

164 1219 211 1279 17.
227 1217 309 1296 (27.)
327 1216 360 1276 lu
370 1215 449 1277 Asso
465 1216 588 1277 Troadis
605 1217 802 1296 sarcophagus
819 1218 894 1297 lapis
909 1216 991 1277 iissili
1007 1234 1082 1276 vena
1095 1226 1141 1280 131

98 1300 248 1361 scinditur.
280 1317 406 1378 corpora
417 1300 619 1361 defunctorum
630 1303 746 1363 condita
763 1305 793 1363 in
808 1321 845 1364 so
861 1303 973 1363 absumi
987 1309 1102 1361 constat

98 1386 173 1444 intra
194 1383 253 1443 XL.
277 1383 352 1444 diem
375 1386 509 1461 exceptis
530 1385 674 1445 dentibus.
719 1385 868 1447 Mucianus
890 1384 1009 1464 specula
1031 1402 1101 1462 qno·

98 1483 155 1544 que
178 1474 208 1526 et
229 1467 352 1543 strigilis
372 1474 403 1526 ot
424 1469 514 1527 vestis
533 1476 563 1527 et
583 1467 769 1529 calciamenta
783 1471 871 1530 inlata
887 1469 1008 1528 mortuis
1031 1467 1102 1545 lapi-

64 1571 88 1610 rs
98 1548 152 1609 dea
167 1551 231 1610 lieri
246 1559 348 1609 auctor
364 1557 418 1610 est.
451 1550 590 1611 Eiusdem
605 1552 725 1629 generis
749 1561 779 1612 et
799 1554 830 1612 in
846 1552 934 1629 Lycia
950 1569 1019 1612 saxa
1035 1560 1101 1627 sunt

98 1642 128 1694 et
153 1636 183 1694 in
211 1634 326 1694 oriente
352 1651 427 1712 quae
453 1635 620 1696 viventibus
651 1652 768 1714 quoque
793 1636 948 1714 adalligata
976 1635 1100 1696 erodunt

97 1735 232 1797 corpora.

161 1801 243 1881 (28.)
265 1801 400 1862 blitiores
422 1811 518 1863 autern
541 1802 692 1863 servandis
720 1804 894 1882 corporibus
921 1823 977 1864 nec
996 1804 1143 1869 aben-132

96 1886 208 1947 mendis
224 1886 372 1947 chernites
392 1887 475 1948 ebori
494 1887 675 1965 simillimus,
698 1889 728 1947 iu
747 1906 805 1966 quo
820 1888 938 1949 Darium
953 1889 1100 1948 conditum

60 1972 209 2049 colerunt,
234 1969 380 2050 Parioque
405 1972 506 2033 similis
531 1971 657 2033 caudore
681 1979 710 2032 et
733 1971 853 2049 duritia,
877 1973 970 2031 miuus
991 1979 1099 2031 tantum

95 2055 298 2135 ponderosus,
316 2057 365 2133 qni
381 2074 471 2134 porus
490 2064 619 2117 vocatur.
650 2054 870 2134 Theophrastus
888 2063 1052 2117 auctorest
1070 2063 1100 2116 et

97 2138 229 2200 tralucidi
245 2139 350 2218 lapidis
366 2142 395 2198 in
410 2138 550 2218 Aegypto
566 2158 651 2219 quem
665 2138 738 2200 cnm
755 2140 876 2202 similem
890 2141 938 2200 ait.
963 2141 1099 2201 fortassis

96 2230 164 2282 tuno
178 2223 285 2297 fuerit,
300 2223 434 2299 quoniam
450 2232 479 2281 ct
494 2223 630 2283 desinunt
643 2232 673 2284 et
688 2225 757 2284 novi
771 2227 966 2303 reperiuntur.
993 2223 1099 2285 Assius

96 2314 213 2384 gustatu
228 2306 323 2366 salsus
339 2306 486 2384 podagras
503 2306 591 2383 lenit,
610 2305 734 2384 pedibus
748 2308 778 2367 in
794 2325 846 2366 vas
861 2327 898 2366 ex
916 2325 953 2367 eo
969 2316 1101 2368 cavatum

61 2407 87 2447 a>
97 2389 206 2450 inditis.
237 2399 392 2469 praeterea
408 2389 503 2450 omnia
517 2406 630 2449 crurum
643 2390 713 2449 vitia
726 2391 756 2449 in
769 2392 805 2451 iis
820 2389 984 2467 lapicidinis
999 2409 1100 2450 sanan·

96 2482 155 2551 tur,
170 2491 233 2533 cum
247 2476 277 2535 in
291 2474 416 2534 metallis
429 2473 562 2534 omnibus
578 2489 663 2532 crura
676 2473 824 2533 vitientur.
854 2471 993 2533 Eiusdem
1007 2474 1079 2553 lapi·
1091 2485 1142 2540 133

97 2556 140 2616 dis
164 2557 220 2618 llos
243 2557 408 2636 appellatur
429 2561 459 2618 iu
479 2558 600 2619 larinum
622 2555 736 2632 mollis,
758 2556 792 2617 ad
815 2557 956 2634 quaedam
975 2557 1098 2635 perinde

96 2640 210 2700 cilicas.
245 2649 292 2700 est
309 2649 404 2701 antem
428 2643 531 2703 similis
552 2641 657 2720 pumici
676 2639 750 2700 rulo.
784 2640 927 2701 admixtus
943 2659 1028 2702 cerae
1045 2638 1098 2718 Gy·

97 2725 179 2801 priae
192 2741 372 2784 mammarum
399 2727 470 2785 vitia
485 2733 583 2801 sanat,
603 2727 673 2803 ploti
692 2734 786 2785 autem
808 2726 964 2786 resinaeve
975 2733 1097 2787 strumas

61 2816 128 2868 coet
151 2825 243 2885 panos
266 2806 392 2871 discutit.
416 2809 538 2887 prodest
560 2816 591 2870 et
612 2807 764 2888 phthisicis
785 2808 885 2869 liuotu.
927 2827 991 2870 cum
1011 2808 1097 2871 melle
1175 2827 1176 2831 ’

97 2899 199 2950 vetera
223 2890 321 2951 ulcera
343 2891 377 2951 ad
403 2895 555 2954 cicatrices
575 2892 728 2971 perducit,
756 2896 959 2954 excrescentia
990 2894 1097 2962 erodit.

98 2982 127 3033 et
150 2971 342 3034 abestiarum
361 2989 459 3031 morsu
482 2976 672 3050 repugnantia
697 2976 837 3035 curationi
855 2986 1013 3055 suppurata
1034 2975 1089 3038 sio

97 3066 151 3117 cat.
202 3056 234 3115 lit
260 3055 432 3133 cataplasma
467 3072 505 3113 ex
535 3072 572 3116 eo
607 3057 774 3134 podagricis
805 3061 896 3120 mixto
929 3060 1013 3120 fabae
1044 3059 1089 3120 lo

13 3190 19 3199 .
93 3149 201 3200 mento.
508 3150 513 3161 '

59 3246 84 3287 as
158 3223 207 3286 18.
232 3227 314 3305 (29.)
333 3227 413 3290 ldem
429 3228 650 3308 Theophrastus
667 3239 698 3291 et
712 3230 860 3294 liucianus
877 3255 946 3296 osse
962 3237 1075 3315 aliquos
1087 3249 1138 3307 134

94 3307 205 3386 lapides
230 3311 278 3388 qui
300 3313 413 3388 pariant
434 3313 566 3375 credunt.
606 3313 827 3394 Theophrastus
851 3327 881 3379 et
903 3320 976 3380 ebur
990 3321 1095 3384 fossile

93 3393 214 3454 candido
231 3402 261 3454 et
276 3395 363 3472 nigro
380 3397 483 3458 colore
498 3399 622 3459 inveniri
639 3408 669 3460 et
686 3417 754 3461 ossa
771 3410 879 3463 eterra
891 3407 970 3465 nasci
985 3408 1101 3464 inueni-

76 3474 176 3553 ›rique
192 3478 304 3557 lapides
321 3497 436 3542 osseos.
459 3480 579 3544 Palmati
594 3486 673 3546 circa
686 3483 831 3548 blundam
841 3483 1131 3562 lnmxsqssxs.xxux

132 3573 210 3620 surm
225 3578 293 3628 aar.
314 3582 394 3629 rrrsr.
415 3569 452 3628 V.
944 3567 970 3620 Q
