2378 3840
99 185 140 246 76
445 195 475 244 c.
488 195 584 243 entur
601 194 752 245 anonam

99 349 252 428 Hispanias
266 348 374 409 harena
388 357 434 408 εει
447 348 570 408 similem
585 365 681 408 curam
697 349 853 427 recipiens.
883 349 979 425 itaque
996 346 1030 406 ad
1048 345 1098 406 de·

99 435 196 493 uarios
213 449 301 493 senos
319 433 416 492 vilitas
432 431 526 492 rediit.
548 432 636 492 distat
651 450 668 491 a
683 431 820 492 caeruleo
838 429 965 492 candore
983 430 1097 490 modico

99 518 147 595 qni
170 518 347 576 teneriorem
368 514 443 577 bunc
464 516 555 576 efficit
576 515 714 576 colorem.
766 533 834 575 usus
854 516 883 574 in
904 513 1044 574 medicina
1062 513 1097 572 ad

99 599 176 678 pilos
193 608 300 660 tantum
314 598 435 659 alendos
451 598 539 660 babet
550 616 738 678 maxumeque
754 600 783 658 in
799 597 955 678 palpebris.
1037 615 1040 621 ¹

58 693 91 746 te
154 683 234 763 (29.)
256 681 328 743 Sunt
353 685 505 743 etiamnum
530 684 636 743 novicii
658 681 715 742 duo
741 681 859 742 colores
885 700 903 741 ε
931 679 1120 748 vilissimis:5

98 767 192 827 viride
207 765 284 844 quod
298 766 460 844 Appianum
472 773 593 827 vocatur
605 773 635 825 ει
646 764 859 842 chrysocollam
872 765 1026 840 mentitur,
1042 781 1098 824 ceu

101 866 199 928 parum
210 849 296 909 multa
307 848 383 909 dicta
397 851 455 909 sint
471 849 618 910 mendacia
634 849 707 908 eius.
725 849 756 908 lit
773 856 802 909 et
817 857 898 909 creta
909 847 994 907 viridi
1009 848 1097 906 aesti-

98 941 202 993 matum
220 934 365 993 sestertiis
389 936 418 992 in
437 932 536 993 libras.
582 932 661 1011 (30.)
681 932 799 993 anulare
815 930 892 1010 qnod
912 939 1017 990 vocant
1033 948 1097 990 can·

99 1016 193 1076 didum
206 1026 268 1094 εει,
283 1033 340 1094 quo
355 1016 512 1077 muliebres
528 1017 658 1094 picturae
673 1015 882 1075 inluminantur.
912 1014 943 1073 lit
958 1021 989 1073 et
1004 1015 1098 1092 ipsum
1151 1046 1154 1051 ‹

98 1108 179 1160 creta
194 1098 325 1159 admixtis
342 1101 445 1159 vitreis
459 1101 580 1178 gemmis
597 1119 614 1159 e
633 1097 712 1176 volgi
727 1099 837 1176 anulis,
855 1097 922 1159 inde
937 1105 967 1158 et
979 1096 1097 1156 anulare
1108 1120 1133 1160 ιιι

98 1182 213 1243 dictum.

56 1277 90 1332 49
164 1268 194 1324 7.
210 1263 293 1342 (31.)
314 1263 360 1323 Ex
380 1264 511 1324 omnibus
531 1264 680 1325 coloribus
701 1263 840 1327 cretulam
863 1273 957 1324 amant
980 1257 1099 1342 'udoque

99 1348 179 1408 inlini
196 1355 332 1408 recusant
347 1349 562 1426 purpurissum,
584 1346 726 1426 Indicum,
746 1347 929 1424 caeruleum,
949 1346 1098 1423 Melinum,

98 1433 354 1509 auripigmentum,
372 1430 551 1509 Appianum,
568 1449 696 1493 cerussa.
732 1429 827 1492 Gerae
843 1433 990 1509 tinguntur
1005 1429 1098 1490 isdem

99 1515 144 1575 bis
162 1514 311 1574 coloribus
326 1515 361 1574 ad
378 1533 428 1574 eas
444 1517 571 1593 picturas
588 1532 661 1593 quae
677 1517 844 1592 inuruntur,
868 1515 964 1574 alieno
981 1515 1132 1593 parieti-15

97 1597 152 1658 bus
168 1616 301 1675 genere,
321 1597 374 1658 sed
396 1597 538 1659 classibus
561 1599 709 1675 familiari,
729 1600 785 1658 iam
805 1616 878 1659 vero
898 1607 931 1658 et
954 1599 1096 1658 onerariis

99 1681 236 1757 navibus,
258 1683 393 1758 quoniam
414 1690 445 1742 et
461 1682 592 1760 pericula
610 1683 809 1761 expingimus,
836 1700 874 1742 ne
891 1683 955 1759 quis
977 1683 1098 1741 miretur

99 1773 129 1823 et
149 1782 241 1842 rogos
263 1766 362 1842 pingi,
386 1766 523 1844 iuratque
546 1774 726 1845 pugnaturos
746 1764 782 1825 ad
806 1772 929 1826 mortem
948 1772 996 1825 aut
1014 1773 1097 1824 certe

97 1847 216 1908 caedem
232 1850 368 1927 speciose
382 1848 459 1909 vehi.
486 1866 542 1926 qna
556 1847 803 1928 contemplatione
819 1857 864 1909 tot
876 1847 1007 1909 colorum
1019 1856 1096 1907 tanta

97 1933 239 1991 varietate
256 1932 334 1991 subit
347 1933 547 2009 antiquitatem
560 1933 667 1994 mirari.
1105 1952 1131 1992 an

55 2025 89 2078 ιο
116 2012 239 2093 νῶι.)
255 2011 397 2085 Quattuor
408 2014 558 2075 coloribus
570 2015 642 2076 solis
655 2014 817 2075 inmortalia
829 2014 878 2075 illa
890 2033 980 2093 opera
995 2015 1096 2075 fecere

11 2126 14 2134 ·
96 2130 138 2141 -
152 2117 190 2156 cx
203 2097 277 2157 albis
288 2094 409 2173 Melino,
426 2097 563 2157 esilaciis
575 2097 687 2175 Attico,
704 2117 742 2157 ex
757 2098 853 2159 rubris
868 2097 1008 2177 Sinopide
1021 2096 1095 2157 Pon·

97 2181 164 2254 tica,
180 2199 218 2238 ex
233 2180 324 2256 nigris
338 2187 498 2241 atramento
511 2180 695 2260 -Apelles,
710 2181 832 2258 Aetion,
847 2180 1032 2258 Melanthius,
1047 2179 1097 2240 Ni·

96 2262 266 2340 eumachus,
293 2262 445 2324 clarissimi
461 2265 609 2344 pictores,
635 2284 698 2326 cum
713 2265 827 2327 tabulae
843 2284 943 2326 eorum
946 2263 1095 2341 singulae

95 2344 282 2425 oppidorum
289 2347 424 2408 venirent
446 2349 562 2427 opibus
604 2368 678 2410 nunc
700 2359 730 2410 et
754 2350 890 2429 purpuris
915 2349 944 2407 in
965 2348 1131 2424 parietesae

61 2428 285 2521 migrantibus
308 2440 339 2490 et
359 2429 440 2491 lndia
458 2435 630 2494 conterente
652 2433 796 2493 fluminum
817 2446 933 2489 suorum
950 2428 1045 2486 limum
1065 2438 1095 2487 et

61 2486 251 2574 draconum
266 2513 545 2594 elephantorumque
563 2517 672 2576 saniem
692 2512 769 2574 nulla
784 2511 891 2571 nobilis
907 2512 1018 2587 pictura
1036 2519 1092 2569 est.

96 2597 190 2656 omnia
202 2615 276 2675 ergo
286 2598 409 2659 meliora
420 2601 659 2675 tuncruere,cum
670 2597 764 2655 minor
774 2595 867 2671 copia
881 2595 921 2653 ita
935 2602 991 2668 est,
1004 2610 1094 2672 quon·

66 2697 78 2731 ⁴
96 2680 167 2755 iam,
191 2689 321 2759 utsupra
337 2680 477 2758 diximus,
497 2699 610 2756 rerum,
628 2695 686 2738 uon
704 2677 788 2737 animi
804 2678 907 2754 pretiis
923 2677 1092 2738 excubatur.

52 2773 100 2843 614
156 2761 240 2839 (33.)
263 2761 301 2821 m
322 2771 442 2824 nostrae
464 2765 568 2823 aetatis
585 2761 723 2822 insaniam
746 2761 775 2821 in
795 2762 906 2839 pictura
930 2778 988 2822 non
1013 2762 1129 2824 omit-ao

63 2848 160 2903 utam.
196 2843 276 2903 Nero
292 2847 429 2924 princeps
442 2847 567 2906 iusserat
579 2843 745 2905 colosseum
756 2862 789 2904 se
805 2846 885 2923 pingi
898 2843 979 2905 CXX
991 2844 1095 2923 pedum

95 2927 124 2986 in
140 2925 243 3001 linteo,
261 2927 440 3004 incognitum
453 2927 489 2988 ad
502 2928 559 2989 boo
574 2935 695 3007 tempus.
725 2946 760 2989 ea
775 2930 886 3007 pictura
898 2947 962 2989 cnm
977 2936 1095 3007 peracta
1128 2991 1134 3000 Ι

96 3017 177 3070 εεεει
200 3010 229 3069 in
243 3007 362 3069 blaianis
381 3009 491 3087 bortis,
510 3028 634 3073 accensa
648 3010 767 3072 iulmine
784 3030 847 3073 cum
864 3021 978 3091 optuma
995 3012 1094 3073 borto-

52 3103 87 3158 52
98 3112 160 3154 rum
174 3101 257 3172 parte
276 3091 473 3172 conilagrarit
509 3095 633 3156 libertus
654 3096 717 3156 cius
732 3113 795 3157 cum
810 3095 894 3158 daret
908 3096 977 3156 Anti
992 3114 1093 3156 munus

94 3177 303 3255 gladiatorum,
320 3177 451 3256 publicas
467 3181 598 3258 porticus
617 3181 769 3257 occupavit
784 3181 906 3278 pictura,
922 3189 952 3240 ut
967 3187 1092 3254 constat,
1103 3203 1128 3244 ιι

95 3260 287 3338 gladiatorum
313 3262 566 3342 ministrorumque
589 3264 713 3345 omnium
733 3265 813 3324 veris
833 3264 1005 3363 imaginibus
1029 3261 1093 3323 red·

95 3345 170 3405 ditis.
200 3344 247 3404 bio
260 3344 376 3405 multis
368 3363 423 3406 ram
437 3346 562 3408 saeculis
577 3338 701 3408 summus
713 3349 821 3408 animus
837 3348 998 3446 inpiatum,
1013 3347 1093 3424 pingi

93 3436 189 3487 autem
207 3427 383 3504 gladiatoria
402 3447 521 3490 munera
537 3441 623 3509 atque
638 3431 668 3490 in
685 3429 802 3509 publico
819 3432 927 3510 exponi
950 3437 1055 3508 coepta
1077 3446 1094 3488 a
