<?xml version="1.0" encoding="UTF-8"?>
<!DOCTYPE html PUBLIC "-//W3C//DTD XHTML 1.0 Transitional//EN"
    "http://www.w3.org/TR/xhtml1/DTD/xhtml1-transitional.dtd">
<html xmlns="http://www.w3.org/1999/xhtml" xml:lang="en" lang="en">
 <head>
  <title>
</title>
<meta http-equiv="Content-Type" content="text/html;charset=utf-8" />
  <meta name='ocr-system' content='tesseract 3.04.00' />
  <meta name='ocr-capabilities' content='ocr_page ocr_carea ocr_par ocr_line ocrx_word'/>
</head>
<body>
  <div class='ocr_page' id='page_1' title='image "./cplinisecundina05plingoog_0139.png"; bbox 0 0 2378 3840; ppageno 0'>
   <div class='ocr_carea' id='block_1_1' title="bbox 134 179 784 240">
    <p class='ocr_par' dir='ltr' id='par_1_1' title="bbox 134 179 784 240">
     <span class='ocr_line' id='line_1_1' title="bbox 134 179 784 240; baseline -0.006 -1"><span class='ocrx_word' id='word_1_1' title='bbox 134 179 174 240; x_wconf 82' lang='lat'>22</span> <span class='ocrx_word' id='word_1_2' title='bbox 479 190 509 238; x_wconf 85' lang='lat' dir='ltr'>c.</span> <span class='ocrx_word' id='word_1_3' title='bbox 525 191 621 238; x_wconf 74' lang='lat' dir='ltr'>curru</span> <span class='ocrx_word' id='word_1_4' title='bbox 637 189 784 238; x_wconf 75' lang='lat' dir='ltr'>sacuam</span> 
     </span>
    </p>
   </div>
   <div class='ocr_carea' id='block_1_2' title="bbox 87 344 1164 3154">
    <p class='ocr_par' dir='ltr' id='par_1_2' title="bbox 87 344 1164 3154">
     <span class='ocr_line' id='line_1_2' title="bbox 135 344 1131 424; baseline 0.002 -20"><span class='ocrx_word' id='word_1_5' title='bbox 135 346 289 424; x_wconf 87' lang='lat' dir='ltr'>tionesque</span> <span class='ocrx_word' id='word_1_6' title='bbox 302 345 393 404; x_wconf 90' lang='lat' dir='ltr'>farina</span> <span class='ocrx_word' id='word_1_7' title='bbox 405 345 467 403; x_wconf 93' lang='lat' dir='ltr'>eius</span> <span class='ocrx_word' id='word_1_8' title='bbox 479 362 512 404; x_wconf 92' lang='lat' dir='ltr'>ac</span> <span class='ocrx_word' id='word_1_9' title='bbox 524 345 596 402; x_wconf 92' lang='lat' dir='ltr'>turis</span> <span class='ocrx_word' id='word_1_10' title='bbox 608 344 708 402; x_wconf 91' lang='lat' dir='ltr'>cummi</span> <span class='ocrx_word' id='word_1_11' title='bbox 725 344 859 404; x_wconf 83' lang='lat' dir='ltr'>admixto.</span> <span class='ocrx_word' id='word_1_12' title='bbox 882 345 959 403; x_wconf 89' lang='lat' dir='ltr'>sistit</span> <span class='ocrx_word' id='word_1_13' title='bbox 971 353 1001 404; x_wconf 90' lang='lat' dir='ltr'>et</span> <span class='ocrx_word' id='word_1_14' title='bbox 1015 348 1131 424; x_wconf 87' lang='lat' dir='ltr'>sangui·</span> 
     </span>
     <span class='ocr_line' id='line_1_3' title="bbox 134 427 1131 506; baseline 0.002 -19"><span class='ocrx_word' id='word_1_15' title='bbox 134 448 198 488; x_wconf 89' lang='lat' dir='ltr'>nem</span> <span class='ocrx_word' id='word_1_16' title='bbox 215 448 231 488; x_wconf 90' lang='lat' dir='ltr'>e</span> <span class='ocrx_word' id='word_1_17' title='bbox 248 428 372 489; x_wconf 90' lang='lat' dir='ltr'>cerebro</span> <span class='ocrx_word' id='word_1_18' title='bbox 389 427 598 506; x_wconf 88' lang='lat' dir='ltr'>profluentem,</span> <span class='ocrx_word' id='word_1_19' title='bbox 616 427 817 486; x_wconf 84' lang='lat' dir='ltr'>efficacissime</span> <span class='ocrx_word' id='word_1_20' title='bbox 834 435 863 485; x_wconf 92' lang='lat' dir='ltr'>et</span> <span class='ocrx_word' id='word_1_21' title='bbox 881 436 982 487; x_wconf 89' lang='lat' dir='ltr'>contra</span> <span class='ocrx_word' id='word_1_22' title='bbox 998 431 1131 490; x_wconf 81' lang='lat' dir='ltr'>recentia</span> 
     </span>
     <span class='ocr_line' id='line_1_4' title="bbox 134 511 1130 588; baseline 0.003 -19"><span class='ocrx_word' id='word_1_23' title='bbox 134 512 256 573; x_wconf 87' lang='lat' dir='ltr'>volnera</span> <span class='ocrx_word' id='word_1_24' title='bbox 280 521 310 572; x_wconf 89' lang='lat' dir='ltr'>et</span> <span class='ocrx_word' id='word_1_25' title='bbox 332 520 432 571; x_wconf 88' lang='lat' dir='ltr'>contra</span> <span class='ocrx_word' id='word_1_26' title='bbox 454 521 573 571; x_wconf 88' lang='lat' dir='ltr'>veteres</span> <span class='ocrx_word' id='word_1_27' title='bbox 595 527 695 569; x_wconf 90' lang='lat' dir='ltr'>canum</span> <span class='ocrx_word' id='word_1_28' title='bbox 709 527 822 569; x_wconf 89' lang='lat' dir='ltr'>morsus</span> <span class='ocrx_word' id='word_1_29' title='bbox 839 511 973 588; x_wconf 89' lang='lat' dir='ltr'>inspersa</span> <span class='ocrx_word' id='word_1_30' title='bbox 991 512 1082 571; x_wconf 90' lang='lat' dir='ltr'>farina</span> <span class='ocrx_word' id='word_1_31' title='bbox 1099 522 1130 572; x_wconf 93' lang='lat' dir='ltr'>et</span> 
     </span>
     <span class='ocr_line' id='line_1_5' title="bbox 134 593 1130 673; baseline 0.002 -19"><span class='ocrx_word' id='word_1_32' title='bbox 134 605 234 655; x_wconf 89' lang='lat' dir='ltr'>contra</span> <span class='ocrx_word' id='word_1_33' title='bbox 252 595 380 655; x_wconf 91' lang='lat' dir='ltr'>ambusta</span> <span class='ocrx_word' id='word_1_34' title='bbox 395 596 454 672; x_wconf 85' lang='lat' dir='ltr'>igni</span> <span class='ocrx_word' id='word_1_35' title='bbox 470 612 532 654; x_wconf 89' lang='lat' dir='ltr'>oum</span> <span class='ocrx_word' id='word_1_36' title='bbox 548 593 633 671; x_wconf 82' lang='lat' dir='ltr'>adipe</span> <span class='ocrx_word' id='word_1_37' title='bbox 655 611 689 652; x_wconf 91' lang='lat' dir='ltr'>ac</span> <span class='ocrx_word' id='word_1_38' title='bbox 705 611 805 671; x_wconf 83' lang='lat' dir='ltr'>spuma</span> <span class='ocrx_word' id='word_1_39' title='bbox 820 595 934 669; x_wconf 81' lang='lat' dir='ltr'>argenti</span> <span class='ocrx_word' id='word_1_40' title='bbox 951 612 1130 673; x_wconf 84' lang='lat' dir='ltr'>cerussaque</span> 
     </span>
     <span class='ocr_line' id='line_1_6' title="bbox 93 675 1152 743; baseline 0.001 -3"><span class='ocrx_word' id='word_1_41' title='bbox 93 690 143 743; x_wconf 87' lang='lat'>103</span> <span class='ocrx_word' id='word_1_42' title='bbox 155 688 185 738; x_wconf 89' lang='lat' dir='ltr'>et</span> <span class='ocrx_word' id='word_1_43' title='bbox 201 697 276 739; x_wconf 90' lang='lat' dir='ltr'>cera.</span> <span class='ocrx_word' id='word_1_44' title='bbox 311 679 402 737; x_wconf 92' lang='lat' dir='ltr'>uritur</span> <span class='ocrx_word' id='word_1_45' title='bbox 415 687 510 738; x_wconf 92' lang='lat' dir='ltr'>autem</span> <span class='ocrx_word' id='word_1_46' title='bbox 524 678 589 737; x_wconf 86' lang='lat' dir='ltr'>ollis</span> <span class='ocrx_word' id='word_1_47' title='bbox 607 675 707 735; x_wconf 94' lang='lat' dir='ltr'>bubuli</span> <span class='ocrx_word' id='word_1_48' title='bbox 722 676 778 734; x_wconf 90' lang='lat' dir='ltr'>fimi</span> <span class='ocrx_word' id='word_1_49' title='bbox 795 675 983 736; x_wconf 90' lang='lat' dir='ltr'>circumlitum</span> <span class='ocrx_word' id='word_1_50' title='bbox 997 680 1025 736; x_wconf 94' lang='lat' dir='ltr'>in</span> <span class='ocrx_word' id='word_1_51' title='bbox 1041 678 1152 742; x_wconf 86' lang='lat' dir='ltr'>oliba-s</span> 
     </span>
     <span class='ocr_line' id='line_1_7' title="bbox 134 758 1129 838; baseline 0.001 -18"><span class='ocrx_word' id='word_1_52' title='bbox 134 764 196 838; x_wconf 91' lang='lat' dir='ltr'>nis,</span> <span class='ocrx_word' id='word_1_53' title='bbox 213 763 280 822; x_wconf 92' lang='lat' dir='ltr'>dein</span> <span class='ocrx_word' id='word_1_54' title='bbox 297 762 486 838; x_wconf 74' lang='lat' dir='ltr'>restinguitur</span> <span class='ocrx_word' id='word_1_55' title='bbox 502 761 652 820; x_wconf 85' lang='lat' dir='ltr'>mulierum</span> <span class='ocrx_word' id='word_1_56' title='bbox 668 758 743 819; x_wconf 92' lang='lat' dir='ltr'>lacte</span> <span class='ocrx_word' id='word_1_57' title='bbox 761 761 923 837; x_wconf 90' lang='lat' dir='ltr'>teriturque</span> <span class='ocrx_word' id='word_1_58' title='bbox 938 761 967 819; x_wconf 92' lang='lat' dir='ltr'>in</span> <span class='ocrx_word' id='word_1_59' title='bbox 982 764 1129 823; x_wconf 90' lang='lat' dir='ltr'>mortariis</span> 
     </span>
     <span class='ocr_line' id='line_1_8' title="bbox 134 841 1129 924; baseline 0.001 -20"><span class='ocrx_word' id='word_1_60' title='bbox 134 845 257 906; x_wconf 85' lang='lat' dir='ltr'>admixta</span> <span class='ocrx_word' id='word_1_61' title='bbox 278 862 350 924; x_wconf 93' lang='lat' dir='ltr'>aqua</span> <span class='ocrx_word' id='word_1_62' title='bbox 370 845 477 922; x_wconf 91' lang='lat' dir='ltr'>pluvia.</span> <span class='ocrx_word' id='word_1_63' title='bbox 512 863 546 904; x_wconf 90' lang='lat' dir='ltr'>ac</span> <span class='ocrx_word' id='word_1_64' title='bbox 567 843 687 903; x_wconf 87' lang='lat' dir='ltr'>subinde</span> <span class='ocrx_word' id='word_1_65' title='bbox 711 841 854 902; x_wconf 92' lang='lat' dir='ltr'>turbidum</span> <span class='ocrx_word' id='word_1_66' title='bbox 876 844 1083 904; x_wconf 80' lang='lat' dir='ltr'>transfunditur</span> <span class='ocrx_word' id='word_1_67' title='bbox 1099 848 1129 905; x_wconf 95' lang='lat' dir='ltr'>in</span> 
     </span>
     <span class='ocr_line' id='line_1_9' title="bbox 134 926 1129 1006; baseline 0 -19"><span class='ocrx_word' id='word_1_68' title='bbox 134 947 250 988; x_wconf 91' lang='lat' dir='ltr'>aereum</span> <span class='ocrx_word' id='word_1_69' title='bbox 267 947 318 989; x_wconf 88' lang='lat' dir='ltr'>vas</span> <span class='ocrx_word' id='word_1_70' title='bbox 340 929 519 988; x_wconf 85' lang='lat' dir='ltr'>emundatum</span> <span class='ocrx_word' id='word_1_71' title='bbox 541 929 629 987; x_wconf 91' lang='lat' dir='ltr'>nitro.</span> <span class='ocrx_word' id='word_1_72' title='bbox 666 927 735 987; x_wconf 82' lang='lat' dir='ltr'>faex</span> <span class='ocrx_word' id='word_1_73' title='bbox 759 927 821 985; x_wconf 88' lang='lat' dir='ltr'>eius</span> <span class='ocrx_word' id='word_1_74' title='bbox 842 926 1023 1004; x_wconf 93' lang='lat' dir='ltr'>intellegitur</span> <span class='ocrx_word' id='word_1_75' title='bbox 1038 928 1129 1006; x_wconf 92' lang='lat' dir='ltr'>plum-</span> 
     </span>
     <span class='ocr_line' id='line_1_10' title="bbox 134 1010 1128 1091; baseline 0.001 -21"><span class='ocrx_word' id='word_1_76' title='bbox 134 1012 286 1072; x_wconf 89' lang='lat' dir='ltr'>bosissima</span> <span class='ocrx_word' id='word_1_77' title='bbox 301 1030 375 1091; x_wconf 90' lang='lat' dir='ltr'>quae</span> <span class='ocrx_word' id='word_1_78' title='bbox 392 1012 523 1072; x_wconf 89' lang='lat' dir='ltr'>subsedit</span> <span class='ocrx_word' id='word_1_79' title='bbox 538 1014 566 1070; x_wconf 95' lang='lat' dir='ltr'>in</span> <span class='ocrx_word' id='word_1_80' title='bbox 581 1012 720 1070; x_wconf 90' lang='lat' dir='ltr'>mortario</span> <span class='ocrx_word' id='word_1_81' title='bbox 735 1010 925 1087; x_wconf 88' lang='lat' dir='ltr'>abiciturque.</span> <span class='ocrx_word' id='word_1_82' title='bbox 954 1010 1021 1070; x_wconf 89' lang='lat' dir='ltr'>dein</span> <span class='ocrx_word' id='word_1_83' title='bbox 1035 1029 1085 1071; x_wconf 90' lang='lat' dir='ltr'>vas</span> <span class='ocrx_word' id='word_1_84' title='bbox 1098 1014 1128 1071; x_wconf 92' lang='lat' dir='ltr'>in</span> 
     </span>
     <span class='ocr_line' id='line_1_11' title="bbox 133 1093 1164 1173; baseline 0 -18"><span class='ocrx_word' id='word_1_85' title='bbox 133 1095 210 1173; x_wconf 94' lang='lat' dir='ltr'>quod</span> <span class='ocrx_word' id='word_1_86' title='bbox 233 1096 345 1156; x_wconf 91' lang='lat' dir='ltr'>turbida</span> <span class='ocrx_word' id='word_1_87' title='bbox 365 1096 509 1156; x_wconf 87' lang='lat' dir='ltr'>transfusa</span> <span class='ocrx_word' id='word_1_88' title='bbox 532 1097 589 1155; x_wconf 92' lang='lat' dir='ltr'>sint</span> <span class='ocrx_word' id='word_1_89' title='bbox 610 1103 742 1171; x_wconf 91' lang='lat' dir='ltr'>opertum</span> <span class='ocrx_word' id='word_1_90' title='bbox 760 1093 851 1152; x_wconf 90' lang='lat' dir='ltr'>linteo</span> <span class='ocrx_word' id='word_1_91' title='bbox 872 1103 1061 1171; x_wconf 88' lang='lat' dir='ltr'>pernoctem</span> <span class='ocrx_word' id='word_1_92' title='bbox 1082 1114 1164 1162; x_wconf 85' lang='lat' dir='ltr'>re·10</span> 
     </span>
     <span class='ocr_line' id='line_1_12' title="bbox 134 1175 1127 1255; baseline 0.003 -19"><span class='ocrx_word' id='word_1_93' title='bbox 134 1178 270 1255; x_wconf 87' lang='lat' dir='ltr'>linquitur</span> <span class='ocrx_word' id='word_1_94' title='bbox 283 1188 312 1238; x_wconf 92' lang='lat' dir='ltr'>et</span> <span class='ocrx_word' id='word_1_95' title='bbox 323 1186 445 1254; x_wconf 91' lang='lat' dir='ltr'>postero</span> <span class='ocrx_word' id='word_1_96' title='bbox 459 1178 505 1237; x_wconf 92' lang='lat' dir='ltr'>die</span> <span class='ocrx_word' id='word_1_97' title='bbox 524 1176 659 1255; x_wconf 93' lang='lat' dir='ltr'>quidquid</span> <span class='ocrx_word' id='word_1_98' title='bbox 671 1178 779 1236; x_wconf 91' lang='lat' dir='ltr'>innatat</span> <span class='ocrx_word' id='word_1_99' title='bbox 792 1175 944 1236; x_wconf 85' lang='lat' dir='ltr'>effunditur</span> <span class='ocrx_word' id='word_1_100' title='bbox 957 1195 1127 1255; x_wconf 84' lang='lat' dir='ltr'>spongeave</span> 
     </span>
     <span class='ocr_line' id='line_1_13' title="bbox 91 1258 1128 1338; baseline -0.001 -15"><span class='ocrx_word' id='word_1_101' title='bbox 91 1271 142 1323; x_wconf 79' lang='lat'>104</span> <span class='ocrx_word' id='word_1_102' title='bbox 154 1260 275 1322; x_wconf 91' lang='lat' dir='ltr'>tollitur.</span> <span class='ocrx_word' id='word_1_103' title='bbox 307 1258 385 1338; x_wconf 91' lang='lat' dir='ltr'>quod</span> <span class='ocrx_word' id='word_1_104' title='bbox 403 1260 444 1319; x_wconf 90' lang='lat' dir='ltr'>ibi</span> <span class='ocrx_word' id='word_1_105' title='bbox 467 1260 598 1321; x_wconf 90' lang='lat' dir='ltr'>subsedit</span> <span class='ocrx_word' id='word_1_106' title='bbox 614 1258 668 1318; x_wconf 89' lang='lat' dir='ltr'>llos</span> <span class='ocrx_word' id='word_1_107' title='bbox 686 1258 867 1336; x_wconf 88' lang='lat' dir='ltr'>intellegitur</span> <span class='ocrx_word' id='word_1_108' title='bbox 881 1278 915 1319; x_wconf 90' lang='lat' dir='ltr'>ac</span> <span class='ocrx_word' id='word_1_109' title='bbox 931 1260 1022 1320; x_wconf 90' lang='lat' dir='ltr'>linteo</span> <span class='ocrx_word' id='word_1_110' title='bbox 1037 1263 1128 1322; x_wconf 90' lang='lat' dir='ltr'>iuter·</span> 
     </span>
     <span class='ocr_line' id='line_1_14' title="bbox 132 1343 1127 1422; baseline 0.002 -19"><span class='ocrx_word' id='word_1_111' title='bbox 132 1346 229 1422; x_wconf 92' lang='lat' dir='ltr'>posito</span> <span class='ocrx_word' id='word_1_112' title='bbox 245 1346 274 1403; x_wconf 95' lang='lat' dir='ltr'>in</span> <span class='ocrx_word' id='word_1_113' title='bbox 292 1343 355 1404; x_wconf 91' lang='lat' dir='ltr'>sole</span> <span class='ocrx_word' id='word_1_114' title='bbox 369 1345 504 1421; x_wconf 85' lang='lat' dir='ltr'>siccatur,</span> <span class='ocrx_word' id='word_1_115' title='bbox 517 1361 575 1403; x_wconf 94' lang='lat' dir='ltr'>non</span> <span class='ocrx_word' id='word_1_116' title='bbox 590 1351 620 1402; x_wconf 91' lang='lat' dir='ltr'>ut</span> <span class='ocrx_word' id='word_1_117' title='bbox 635 1351 816 1421; x_wconf 86' lang='lat' dir='ltr'>perarescat,</span> <span class='ocrx_word' id='word_1_118' title='bbox 829 1344 991 1422; x_wconf 86' lang='lat' dir='ltr'>iterumque</span> <span class='ocrx_word' id='word_1_119' title='bbox 1008 1346 1037 1404; x_wconf 93' lang='lat' dir='ltr'>in</span> <span class='ocrx_word' id='word_1_120' title='bbox 1052 1363 1127 1405; x_wconf 93' lang='lat' dir='ltr'>mor·</span> 
     </span>
     <span class='ocr_line' id='line_1_15' title="bbox 132 1426 1126 1505; baseline 0.002 -19"><span class='ocrx_word' id='word_1_121' title='bbox 132 1429 207 1488; x_wconf 92' lang='lat' dir='ltr'>tario</span> <span class='ocrx_word' id='word_1_122' title='bbox 232 1429 336 1489; x_wconf 90' lang='lat' dir='ltr'>teritur</span> <span class='ocrx_word' id='word_1_123' title='bbox 363 1436 392 1487; x_wconf 89' lang='lat' dir='ltr'>et</span> <span class='ocrx_word' id='word_1_124' title='bbox 414 1429 443 1486; x_wconf 93' lang='lat' dir='ltr'>in</span> <span class='ocrx_word' id='word_1_125' title='bbox 472 1427 605 1505; x_wconf 91' lang='lat' dir='ltr'>pastillos</span> <span class='ocrx_word' id='word_1_126' title='bbox 637 1426 781 1486; x_wconf 92' lang='lat' dir='ltr'>dividitur.</span> <span class='ocrx_word' id='word_1_127' title='bbox 819 1434 885 1487; x_wconf 90' lang='lat' dir='ltr'>ante</span> <span class='ocrx_word' id='word_1_128' title='bbox 913 1430 1007 1488; x_wconf 93' lang='lat' dir='ltr'>omnia</span> <span class='ocrx_word' id='word_1_129' title='bbox 1031 1437 1126 1489; x_wconf 91' lang='lat' dir='ltr'>autem</span> 
     </span>
     <span class='ocr_line' id='line_1_16' title="bbox 133 1510 1161 1590; baseline 0 -20"><span class='ocrx_word' id='word_1_130' title='bbox 133 1512 234 1571; x_wconf 92' lang='lat' dir='ltr'>urendi</span> <span class='ocrx_word' id='word_1_131' title='bbox 250 1512 350 1572; x_wconf 91' lang='lat' dir='ltr'>modus</span> <span class='ocrx_word' id='word_1_132' title='bbox 362 1513 546 1572; x_wconf 89' lang='lat' dir='ltr'>necessarius</span> <span class='ocrx_word' id='word_1_133' title='bbox 562 1519 625 1587; x_wconf 90' lang='lat' dir='ltr'>est,</span> <span class='ocrx_word' id='word_1_134' title='bbox 641 1529 677 1569; x_wconf 92' lang='lat' dir='ltr'>ne</span> <span class='ocrx_word' id='word_1_135' title='bbox 692 1510 836 1588; x_wconf 86' lang='lat' dir='ltr'>plumbum</span> <span class='ocrx_word' id='word_1_136' title='bbox 851 1510 909 1570; x_wconf 88' lang='lat' dir='ltr'>liat.</span> <span class='ocrx_word' id='word_1_137' title='bbox 938 1512 1050 1590; x_wconf 91' lang='lat' dir='ltr'>quidam</span> <span class='ocrx_word' id='word_1_138' title='bbox 1068 1530 1127 1573; x_wconf 93' lang='lat' dir='ltr'>non</span> <span class='ocrx_word' id='word_1_139' title='bbox 1138 1530 1161 1570; x_wconf 81' lang='lat' dir='ltr'>rs</span> 
     </span>
     <span class='ocr_line' id='line_1_17' title="bbox 132 1593 1127 1674; baseline 0.003 -22"><span class='ocrx_word' id='word_1_140' title='bbox 132 1595 198 1654; x_wconf 88' lang='lat' dir='ltr'>limo</span> <span class='ocrx_word' id='word_1_141' title='bbox 220 1604 336 1654; x_wconf 89' lang='lat' dir='ltr'>utuntur</span> <span class='ocrx_word' id='word_1_142' title='bbox 360 1604 536 1673; x_wconf 77' lang='lat' dir='ltr'>coquentes,</span> <span class='ocrx_word' id='word_1_143' title='bbox 557 1593 610 1655; x_wconf 91' lang='lat' dir='ltr'>sed</span> <span class='ocrx_word' id='word_1_144' title='bbox 630 1593 723 1672; x_wconf 86' lang='lat' dir='ltr'>adipe.</span> <span class='ocrx_word' id='word_1_145' title='bbox 763 1593 812 1652; x_wconf 92' lang='lat' dir='ltr'>alii</span> <span class='ocrx_word' id='word_1_146' title='bbox 827 1596 924 1653; x_wconf 93' lang='lat' dir='ltr'>tritum</span> <span class='ocrx_word' id='word_1_147' title='bbox 938 1597 967 1654; x_wconf 93' lang='lat' dir='ltr'>in</span> <span class='ocrx_word' id='word_1_148' title='bbox 987 1613 1060 1674; x_wconf 88' lang='lat' dir='ltr'>aqua</span> <span class='ocrx_word' id='word_1_149' title='bbox 1077 1598 1127 1655; x_wconf 90' lang='lat' dir='ltr'>tri·</span> 
     </span>
     <span class='ocr_line' id='line_1_18' title="bbox 131 1677 1126 1756; baseline 0.002 -20"><span class='ocrx_word' id='word_1_150' title='bbox 131 1677 199 1756; x_wconf 92' lang='lat' dir='ltr'>plici</span> <span class='ocrx_word' id='word_1_151' title='bbox 221 1678 311 1739; x_wconf 90' lang='lat' dir='ltr'>linteo</span> <span class='ocrx_word' id='word_1_152' title='bbox 337 1686 452 1738; x_wconf 88' lang='lat' dir='ltr'>saccant</span> <span class='ocrx_word' id='word_1_153' title='bbox 473 1680 643 1756; x_wconf 83' lang='lat' dir='ltr'>faecemque</span> <span class='ocrx_word' id='word_1_154' title='bbox 669 1677 795 1736; x_wconf 90' lang='lat' dir='ltr'>abiciunt</span> <span class='ocrx_word' id='word_1_155' title='bbox 816 1677 902 1755; x_wconf 92' lang='lat' dir='ltr'>idque</span> <span class='ocrx_word' id='word_1_156' title='bbox 917 1679 994 1756; x_wconf 90' lang='lat' dir='ltr'>quod</span> <span class='ocrx_word' id='word_1_157' title='bbox 1013 1679 1126 1739; x_wconf 83' lang='lat' dir='ltr'>effluxit</span> 
     </span>
     <span class='ocr_line' id='line_1_19' title="bbox 132 1759 1126 1841; baseline 0.002 -21"><span class='ocrx_word' id='word_1_158' title='bbox 132 1762 346 1839; x_wconf 84' lang='lat' dir='ltr'>transfundunt,</span> <span class='ocrx_word' id='word_1_159' title='bbox 369 1762 506 1841; x_wconf 92' lang='lat' dir='ltr'>quidquid</span> <span class='ocrx_word' id='word_1_160' title='bbox 527 1761 657 1821; x_wconf 91' lang='lat' dir='ltr'>subsidat</span> <span class='ocrx_word' id='word_1_161' title='bbox 677 1759 852 1836; x_wconf 89' lang='lat' dir='ltr'>colligentes</span> <span class='ocrx_word' id='word_1_162' title='bbox 875 1761 1038 1840; x_wconf 89' lang='lat' dir='ltr'>emplastris</span> <span class='ocrx_word' id='word_1_163' title='bbox 1055 1780 1126 1841; x_wconf 93' lang='lat' dir='ltr'>quo·</span> 
     </span>
     <span class='ocr_line' id='line_1_20' title="bbox 131 1846 525 1923; baseline 0 -19"><span class='ocrx_word' id='word_1_164' title='bbox 131 1863 188 1923; x_wconf 85' lang='lat' dir='ltr'>que</span> <span class='ocrx_word' id='word_1_165' title='bbox 205 1855 234 1904; x_wconf 88' lang='lat' dir='ltr'>et</span> <span class='ocrx_word' id='word_1_166' title='bbox 250 1846 380 1922; x_wconf 90' lang='lat' dir='ltr'>collyriis</span> <span class='ocrx_word' id='word_1_167' title='bbox 396 1847 525 1905; x_wconf 91' lang='lat' dir='ltr'>miscent.</span> 
     </span>
     <span class='ocr_line' id='line_1_21' title="bbox 88 1926 1159 2006; baseline -0.007 -14"><span class='ocrx_word' id='word_1_168' title='bbox 88 1940 138 1993; x_wconf 84' lang='lat'>105</span> <span class='ocrx_word' id='word_1_169' title='bbox 190 1939 192 1942; x_wconf 53' lang='lat'><em>⁴</em></span> <span class='ocrx_word' id='word_1_170' title='bbox 213 1929 293 2006; x_wconf 87' lang='lat'>(35.)</span> <span class='ocrx_word' id='word_1_171' title='bbox 313 1930 442 1988; x_wconf 88' lang='lat' dir='ltr'>Sooriam</span> <span class='ocrx_word' id='word_1_172' title='bbox 461 1931 490 1987; x_wconf 92' lang='lat' dir='ltr'>in</span> <span class='ocrx_word' id='word_1_173' title='bbox 508 1935 631 2004; x_wconf 88' lang='lat' dir='ltr'>argento</span> <span class='ocrx_word' id='word_1_174' title='bbox 649 1926 752 1987; x_wconf 86' lang='lat' dir='ltr'>Graeci</span> <span class='ocrx_word' id='word_1_175' title='bbox 767 1937 872 1987; x_wconf 88' lang='lat' dir='ltr'>vocant</span> <span class='ocrx_word' id='word_1_176' title='bbox 888 1928 1043 2005; x_wconf 88' lang='lat' dir='ltr'>heloysma.</span> <span class='ocrx_word' id='word_1_177' title='bbox 1080 1932 1159 1989; x_wconf 79' lang='lat' dir='ltr'>visa</span> 
     </span>
     <span class='ocr_line' id='line_1_22' title="bbox 131 2011 1124 2091; baseline 0.001 -20"><span class='ocrx_word' id='word_1_178' title='bbox 131 2013 194 2071; x_wconf 91' lang='lat' dir='ltr'>eius</span> <span class='ocrx_word' id='word_1_179' title='bbox 212 2012 395 2088; x_wconf 88' lang='lat' dir='ltr'>adstringere</span> <span class='ocrx_word' id='word_1_180' title='bbox 413 2021 443 2070; x_wconf 91' lang='lat' dir='ltr'>et</span> <span class='ocrx_word' id='word_1_181' title='bbox 465 2013 644 2088; x_wconf 89' lang='lat' dir='ltr'>refrigerare</span> <span class='ocrx_word' id='word_1_182' title='bbox 660 2028 795 2088; x_wconf 90' lang='lat' dir='ltr'>corpora.</span> <span class='ocrx_word' id='word_1_183' title='bbox 833 2011 946 2072; x_wconf 92' lang='lat' dir='ltr'>additur</span> <span class='ocrx_word' id='word_1_184' title='bbox 961 2013 1124 2091; x_wconf 90' lang='lat' dir='ltr'>emplastris</span> 
     </span>
     <span class='ocr_line' id='line_1_23' title="bbox 89 2091 1125 2180; baseline 0.003 -27"><span class='ocrx_word' id='word_1_185' title='bbox 89 2091 167 2180; x_wconf 55' lang='grc' dir='ltr'><em>Ἥ</em></span> <span class='ocrx_word' id='word_1_186' title='bbox 181 2103 212 2153; x_wconf 91' lang='lat' dir='ltr'>ut</span> <span class='ocrx_word' id='word_1_187' title='bbox 226 2095 434 2170; x_wconf 90' lang='lat' dir='ltr'>molybdaena‚</span> <span class='ocrx_word' id='word_1_188' title='bbox 456 2094 492 2154; x_wconf 90' lang='lat' dir='ltr'>de</span> <span class='ocrx_word' id='word_1_189' title='bbox 515 2113 570 2172; x_wconf 91' lang='lat' dir='ltr'>qua</span> <span class='ocrx_word' id='word_1_190' title='bbox 587 2093 714 2154; x_wconf 89' lang='lat' dir='ltr'>dicemus</span> <span class='ocrx_word' id='word_1_191' title='bbox 734 2096 762 2152; x_wconf 94' lang='lat' dir='ltr'>in</span> <span class='ocrx_word' id='word_1_192' title='bbox 786 2095 921 2172; x_wconf 84' lang='lat' dir='ltr'>plumbo,</span> <span class='ocrx_word' id='word_1_193' title='bbox 942 2097 1125 2156; x_wconf 88' lang='lat' dir='ltr'>cicatricibus</span> 
     </span>
     <span class='ocr_line' id='line_1_24' title="bbox 129 2177 1125 2258; baseline 0.002 -22"><span class='ocrx_word' id='word_1_194' title='bbox 129 2195 259 2237; x_wconf 86' lang='lat' dir='ltr'>maxume</span> <span class='ocrx_word' id='word_1_195' title='bbox 279 2177 454 2254; x_wconf 88' lang='lat' dir='ltr'>glutinandis</span> <span class='ocrx_word' id='word_1_196' title='bbox 471 2186 501 2237; x_wconf 91' lang='lat' dir='ltr'>et</span> <span class='ocrx_word' id='word_1_197' title='bbox 521 2186 621 2237; x_wconf 87' lang='lat' dir='ltr'>eontra</span> <span class='ocrx_word' id='word_1_198' title='bbox 640 2187 786 2237; x_wconf 90' lang='lat' dir='ltr'>tenesmos</span> <span class='ocrx_word' id='word_1_199' title='bbox 803 2178 1062 2258; x_wconf 82' lang='lat' dir='ltr'>dysenteriasque,</span> <span class='ocrx_word' id='word_1_200' title='bbox 1083 2182 1125 2238; x_wconf 92' lang='lat' dir='ltr'>in·</span> 
     </span>
     <span class='ocr_line' id='line_1_25' title="bbox 129 2260 1125 2337; baseline 0.001 -17"><span class='ocrx_word' id='word_1_201' title='bbox 129 2260 192 2320; x_wconf 93' lang='lat' dir='ltr'>fusa</span> <span class='ocrx_word' id='word_1_202' title='bbox 208 2261 383 2336; x_wconf 76' lang='lat' dir='ltr'>clysteribus</span> <span class='ocrx_word' id='word_1_203' title='bbox 396 2279 459 2321; x_wconf 90' lang='lat' dir='ltr'>eum</span> <span class='ocrx_word' id='word_1_204' title='bbox 473 2270 585 2337; x_wconf 90' lang='lat' dir='ltr'>myrteo</span> <span class='ocrx_word' id='word_1_205' title='bbox 604 2261 682 2322; x_wconf 89' lang='lat' dir='ltr'>oleo.</span> <span class='ocrx_word' id='word_1_206' title='bbox 712 2261 816 2321; x_wconf 94' lang='lat' dir='ltr'>addunt</span> <span class='ocrx_word' id='word_1_207' title='bbox 832 2271 861 2321; x_wconf 91' lang='lat' dir='ltr'>et</span> <span class='ocrx_word' id='word_1_208' title='bbox 876 2264 904 2320; x_wconf 92' lang='lat' dir='ltr'>in</span> <span class='ocrx_word' id='word_1_209' title='bbox 919 2262 1125 2323; x_wconf 87' lang='lat' dir='ltr'>medicamenta</span> 
     </span>
     <span class='ocr_line' id='line_1_26' title="bbox 131 2344 1159 2424; baseline -0.003 -21"><span class='ocrx_word' id='word_1_210' title='bbox 131 2362 203 2422; x_wconf 89' lang='lat' dir='ltr'>quae</span> <span class='ocrx_word' id='word_1_211' title='bbox 225 2354 330 2405; x_wconf 92' lang='lat' dir='ltr'>vocant</span> <span class='ocrx_word' id='word_1_212' title='bbox 352 2345 457 2424; x_wconf 89' lang='lat' dir='ltr'>liparas</span> <span class='ocrx_word' id='word_1_213' title='bbox 481 2346 516 2405; x_wconf 88' lang='lat' dir='ltr'>ad</span> <span class='ocrx_word' id='word_1_214' title='bbox 537 2347 739 2405; x_wconf 85' lang='lat' dir='ltr'>excrescentia</span> <span class='ocrx_word' id='word_1_215' title='bbox 761 2344 888 2403; x_wconf 89' lang='lat' dir='ltr'>ulcerum</span> <span class='ocrx_word' id='word_1_216' title='bbox 908 2353 956 2404; x_wconf 91' lang='lat' dir='ltr'>aut</span> <span class='ocrx_word' id='word_1_217' title='bbox 972 2364 1010 2404; x_wconf 82' lang='lat' dir='ltr'>ex</span> <span class='ocrx_word' id='word_1_218' title='bbox 1025 2348 1159 2405; x_wconf 80' lang='lat' dir='ltr'>attrituaa</span> 
     </span>
     <span class='ocr_line' id='line_1_27' title="bbox 89 2426 1124 2507; baseline -0.002 -16"><span class='ocrx_word' id='word_1_219' title='bbox 89 2439 140 2492; x_wconf 83' lang='lat'>106</span> <span class='ocrx_word' id='word_1_220' title='bbox 149 2429 223 2488; x_wconf 89' lang='lat' dir='ltr'>iacta</span> <span class='ocrx_word' id='word_1_221' title='bbox 235 2438 290 2502; x_wconf 72' lang='lat' dir='ltr'>vaut</span> <span class='ocrx_word' id='word_1_222' title='bbox 304 2431 334 2488; x_wconf 92' lang='lat' dir='ltr'>iu</span> <span class='ocrx_word' id='word_1_223' title='bbox 349 2431 444 2507; x_wconf 87' lang='lat' dir='ltr'>capite</span> <span class='ocrx_word' id='word_1_224' title='bbox 460 2431 609 2491; x_wconf 88' lang='lat' dir='ltr'>manantia.</span> <span class='ocrx_word' id='word_1_225' title='bbox 642 2429 688 2488; x_wconf 86' lang='lat' dir='ltr'>Fit</span> <span class='ocrx_word' id='word_1_226' title='bbox 704 2431 733 2487; x_wconf 93' lang='lat' dir='ltr'>iu</span> <span class='ocrx_word' id='word_1_227' title='bbox 747 2426 848 2487; x_wconf 91' lang='lat' dir='ltr'>iisdem</span> <span class='ocrx_word' id='word_1_228' title='bbox 864 2426 987 2486; x_wconf 89' lang='lat' dir='ltr'>metallis</span> <span class='ocrx_word' id='word_1_229' title='bbox 1003 2436 1124 2505; x_wconf 84' lang='lat' dir='ltr'>atquae</span> 
     </span>
     <span class='ocr_line' id='line_1_28' title="bbox 129 2510 1124 2591; baseline -0.003 -20"><span class='ocrx_word' id='word_1_230' title='bbox 129 2522 250 2572; x_wconf 91' lang='lat' dir='ltr'>vocatur</span> <span class='ocrx_word' id='word_1_231' title='bbox 265 2531 364 2591; x_wconf 90' lang='lat' dir='ltr'>spuma</span> <span class='ocrx_word' id='word_1_232' title='bbox 376 2515 500 2590; x_wconf 89' lang='lat' dir='ltr'>argenti.</span> <span class='ocrx_word' id='word_1_233' title='bbox 526 2530 636 2590; x_wconf 90' lang='lat' dir='ltr'>genera</span> <span class='ocrx_word' id='word_1_234' title='bbox 649 2513 711 2570; x_wconf 92' lang='lat' dir='ltr'>eius</span> <span class='ocrx_word' id='word_1_235' title='bbox 728 2513 798 2570; x_wconf 89' lang='lat' dir='ltr'>tria:</span> <span class='ocrx_word' id='word_1_236' title='bbox 815 2518 929 2587; x_wconf 90' lang='lat' dir='ltr'>optuma</span> <span class='ocrx_word' id='word_1_237' title='bbox 942 2527 1024 2586; x_wconf 92' lang='lat' dir='ltr'>qnam</span> <span class='ocrx_word' id='word_1_238' title='bbox 1041 2510 1124 2587; x_wconf 90' lang='lat' dir='ltr'>chry-</span> 
     </span>
     <span class='ocr_line' id='line_1_29' title="bbox 130 2593 1123 2674; baseline 0 -20"><span class='ocrx_word' id='word_1_239' title='bbox 130 2598 206 2654; x_wconf 89' lang='lat' dir='ltr'>sitim</span> <span class='ocrx_word' id='word_1_240' title='bbox 227 2605 350 2671; x_wconf 78' lang='lat' dir='ltr'>vocant,</span> <span class='ocrx_word' id='word_1_241' title='bbox 378 2615 505 2674; x_wconf 89' lang='lat' dir='ltr'>sequens</span> <span class='ocrx_word' id='word_1_242' title='bbox 527 2613 610 2674; x_wconf 93' lang='lat' dir='ltr'>quam</span> <span class='ocrx_word' id='word_1_243' title='bbox 630 2596 794 2671; x_wconf 90' lang='lat' dir='ltr'>argyritim‚</span> <span class='ocrx_word' id='word_1_244' title='bbox 825 2593 911 2653; x_wconf 90' lang='lat' dir='ltr'>tertia</span> <span class='ocrx_word' id='word_1_245' title='bbox 930 2610 1014 2670; x_wconf 91' lang='lat' dir='ltr'>quam</span> <span class='ocrx_word' id='word_1_246' title='bbox 1033 2594 1123 2671; x_wconf 91' lang='lat' dir='ltr'>moly·</span> 
     </span>
     <span class='ocr_line' id='line_1_30' title="bbox 130 2676 1124 2757; baseline 0.001 -21"><span class='ocrx_word' id='word_1_247' title='bbox 130 2678 237 2737; x_wconf 92' lang='lat' dir='ltr'>bditim.</span> <span class='ocrx_word' id='word_1_248' title='bbox 268 2688 297 2737; x_wconf 90' lang='lat' dir='ltr'>et</span> <span class='ocrx_word' id='word_1_249' title='bbox 314 2678 484 2757; x_wconf 89' lang='lat' dir='ltr'>plerumque</span> <span class='ocrx_word' id='word_1_250' title='bbox 500 2696 599 2737; x_wconf 89' lang='lat' dir='ltr'>omncs</span> <span class='ocrx_word' id='word_1_251' title='bbox 614 2676 642 2735; x_wconf 91' lang='lat' dir='ltr'>bi</span> <span class='ocrx_word' id='word_1_252' title='bbox 662 2677 779 2737; x_wconf 90' lang='lat' dir='ltr'>colores</span> <span class='ocrx_word' id='word_1_253' title='bbox 801 2679 830 2736; x_wconf 91' lang='lat' dir='ltr'>in</span> <span class='ocrx_word' id='word_1_254' title='bbox 852 2676 945 2737; x_wconf 90' lang='lat' dir='ltr'>isdem</span> <span class='ocrx_word' id='word_1_255' title='bbox 961 2677 1068 2737; x_wconf 90' lang='lat' dir='ltr'>tubulis</span> <span class='ocrx_word' id='word_1_256' title='bbox 1083 2681 1124 2737; x_wconf 94' lang='lat' dir='ltr'>in·</span> 
     </span>
     <span class='ocr_line' id='line_1_31' title="bbox 129 2759 1159 2839; baseline 0.005 -21"><span class='ocrx_word' id='word_1_257' title='bbox 129 2763 293 2820; x_wconf 88' lang='lat' dir='ltr'>veniuntur.</span> <span class='ocrx_word' id='word_1_258' title='bbox 331 2763 535 2839; x_wconf 91' lang='lat' dir='ltr'>probatissima</span> <span class='ocrx_word' id='word_1_259' title='bbox 553 2768 599 2819; x_wconf 93' lang='lat' dir='ltr'>est</span> <span class='ocrx_word' id='word_1_260' title='bbox 618 2759 734 2836; x_wconf 82' lang='lat' dir='ltr'>Attica,</span> <span class='ocrx_word' id='word_1_261' title='bbox 758 2778 897 2838; x_wconf 81' lang='lat' dir='ltr'>proxuma</span> <span class='ocrx_word' id='word_1_262' title='bbox 911 2759 1120 2838; x_wconf 89' lang='lat' dir='ltr'>Hispaniensis.</span> <span class='ocrx_word' id='word_1_263' title='bbox 1133 2781 1159 2823; x_wconf 81' lang='lat' dir='ltr'>oo</span> 
     </span>
     <span class='ocr_line' id='line_1_32' title="bbox 132 2842 1122 2921; baseline 0.003 -22"><span class='ocrx_word' id='word_1_264' title='bbox 132 2842 267 2917; x_wconf 77' lang='lat' dir='ltr'>chrysitis</span> <span class='ocrx_word' id='word_1_265' title='bbox 293 2861 331 2901; x_wconf 87' lang='lat' dir='ltr'>ex</span> <span class='ocrx_word' id='word_1_266' title='bbox 346 2862 420 2902; x_wconf 89' lang='lat' dir='ltr'>vena</span> <span class='ocrx_word' id='word_1_267' title='bbox 439 2846 501 2921; x_wconf 92' lang='lat' dir='ltr'>ipsa</span> <span class='ocrx_word' id='word_1_268' title='bbox 518 2844 565 2919; x_wconf 90' lang='lat' dir='ltr'>lit,</span> <span class='ocrx_word' id='word_1_269' title='bbox 588 2845 724 2920; x_wconf 82' lang='lat' dir='ltr'>argyritis</span> <span class='ocrx_word' id='word_1_270' title='bbox 742 2862 780 2902; x_wconf 84' lang='lat' dir='ltr'>ex</span> <span class='ocrx_word' id='word_1_271' title='bbox 794 2851 936 2921; x_wconf 84' lang='lat' dir='ltr'>argento,</span> <span class='ocrx_word' id='word_1_272' title='bbox 954 2843 1122 2920; x_wconf 90' lang='lat' dir='ltr'>molybditis</span> 
     </span>
     <span class='ocr_line' id='line_1_33' title="bbox 131 2924 1121 3004; baseline 0.002 -20"><span class='ocrx_word' id='word_1_273' title='bbox 131 2924 264 3003; x_wconf 90' lang='lat' dir='ltr'>eplumbi</span> <span class='ocrx_word' id='word_1_274' title='bbox 281 2927 371 3002; x_wconf 92' lang='lat' dir='ltr'>ipsius</span> <span class='ocrx_word' id='word_1_275' title='bbox 386 2927 494 3004; x_wconf 85' lang='lat' dir='ltr'>fusura,</span> <span class='ocrx_word' id='word_1_276' title='bbox 511 2945 584 3004; x_wconf 89' lang='lat' dir='ltr'>quae</span> <span class='ocrx_word' id='word_1_277' title='bbox 597 2926 628 2985; x_wconf 87' lang='lat' dir='ltr'>tit</span> <span class='ocrx_word' id='word_1_278' title='bbox 641 2926 771 2986; x_wconf 89' lang='lat' dir='ltr'>Puteolis</span> <span class='ocrx_word' id='word_1_279' title='bbox 784 2934 814 2987; x_wconf 91' lang='lat' dir='ltr'>et</span> <span class='ocrx_word' id='word_1_280' title='bbox 827 2926 893 2986; x_wconf 89' lang='lat' dir='ltr'>iude</span> <span class='ocrx_word' id='word_1_281' title='bbox 908 2927 997 2987; x_wconf 90' lang='lat' dir='ltr'>habet</span> <span class='ocrx_word' id='word_1_282' title='bbox 1008 2946 1121 2988; x_wconf 88' lang='lat' dir='ltr'>nomen.</span> 
     </span>
     <span class='ocr_line' id='line_1_34' title="bbox 87 3009 1121 3088; baseline -0.006 -14"><span class='ocrx_word' id='word_1_283' title='bbox 87 3019 136 3074; x_wconf 87' lang='lat'>107</span> <span class='ocrx_word' id='word_1_284' title='bbox 149 3009 240 3067; x_wconf 92' lang='lat' dir='ltr'>omnis</span> <span class='ocrx_word' id='word_1_285' title='bbox 265 3017 359 3067; x_wconf 91' lang='lat' dir='ltr'>autem</span> <span class='ocrx_word' id='word_1_286' title='bbox 379 3010 410 3067; x_wconf 88' lang='lat' dir='ltr'>lit</span> <span class='ocrx_word' id='word_1_287' title='bbox 433 3019 554 3070; x_wconf 83' lang='lat' dir='ltr'>excocta</span> <span class='ocrx_word' id='word_1_288' title='bbox 577 3028 627 3070; x_wconf 93' lang='lat' dir='ltr'>sua</span> <span class='ocrx_word' id='word_1_289' title='bbox 649 3012 768 3069; x_wconf 89' lang='lat' dir='ltr'>materia</span> <span class='ocrx_word' id='word_1_290' title='bbox 794 3028 832 3069; x_wconf 85' lang='lat' dir='ltr'>ex</span> <span class='ocrx_word' id='word_1_291' title='bbox 852 3011 1006 3088; x_wconf 90' lang='lat' dir='ltr'>superiore</span> <span class='ocrx_word' id='word_1_292' title='bbox 1027 3012 1121 3070; x_wconf 91' lang='lat' dir='ltr'>catino</span> 
     </span>
     <span class='ocr_line' id='line_1_35' title="bbox 130 3091 1122 3154; baseline -0.003 -2"><span class='ocrx_word' id='word_1_293' title='bbox 130 3091 259 3152; x_wconf 90' lang='lat' dir='ltr'>defluens</span> <span class='ocrx_word' id='word_1_294' title='bbox 275 3093 303 3151; x_wconf 92' lang='lat' dir='ltr'>iu</span> <span class='ocrx_word' id='word_1_295' title='bbox 318 3091 486 3151; x_wconf 90' lang='lat' dir='ltr'>inferiorem</span> <span class='ocrx_word' id='word_1_296' title='bbox 508 3102 538 3152; x_wconf 89' lang='lat' dir='ltr'>et</span> <span class='ocrx_word' id='word_1_297' title='bbox 559 3111 596 3152; x_wconf 83' lang='lat' dir='ltr'>ex</span> <span class='ocrx_word' id='word_1_298' title='bbox 617 3110 653 3153; x_wconf 92' lang='lat' dir='ltr'>eo</span> <span class='ocrx_word' id='word_1_299' title='bbox 675 3092 788 3152; x_wconf 90' lang='lat' dir='ltr'>sublata</span> <span class='ocrx_word' id='word_1_300' title='bbox 807 3093 945 3153; x_wconf 88' lang='lat' dir='ltr'>vericulis</span> <span class='ocrx_word' id='word_1_301' title='bbox 961 3094 1066 3154; x_wconf 91' lang='lat' dir='ltr'>ferreis</span> <span class='ocrx_word' id='word_1_302' title='bbox 1082 3101 1122 3152; x_wconf 53' lang='lat' dir='ltr'>atr</span> 
     </span>
    </p>
   </div>
   <div class='ocr_carea' id='block_1_3' title="bbox 129 3175 1157 3506">
    <p class='ocr_par' dir='ltr' id='par_1_3' title="bbox 129 3175 1157 3506">
     <span class='ocr_line' id='line_1_36' title="bbox 129 3175 1157 3257; baseline 0.001 -23"><span class='ocrx_word' id='word_1_303' title='bbox 129 3195 185 3255; x_wconf 87' lang='lat' dir='ltr'>que</span> <span class='ocrx_word' id='word_1_304' title='bbox 200 3178 229 3234; x_wconf 92' lang='lat' dir='ltr'>in</span> <span class='ocrx_word' id='word_1_305' title='bbox 246 3178 308 3255; x_wconf 92' lang='lat' dir='ltr'>ipsa</span> <span class='ocrx_word' id='word_1_306' title='bbox 330 3175 438 3234; x_wconf 89' lang='lat' dir='ltr'>flamma</span> <span class='ocrx_word' id='word_1_307' title='bbox 453 3176 607 3235; x_wconf 90' lang='lat' dir='ltr'>convoluta</span> <span class='ocrx_word' id='word_1_308' title='bbox 626 3175 757 3235; x_wconf 91' lang='lat' dir='ltr'>vericulo</span> <span class='ocrx_word' id='word_1_309' title='bbox 766 3218 775 3251; x_wconf 86' lang='lat'>‚</span> <span class='ocrx_word' id='word_1_310' title='bbox 797 3183 828 3233; x_wconf 89' lang='lat' dir='ltr'>ut</span> <span class='ocrx_word' id='word_1_311' title='bbox 842 3176 880 3234; x_wconf 93' lang='lat' dir='ltr'>sit</span> <span class='ocrx_word' id='word_1_312' title='bbox 894 3176 999 3236; x_wconf 90' lang='lat' dir='ltr'>modici</span> <span class='ocrx_word' id='word_1_313' title='bbox 1014 3176 1121 3257; x_wconf 89' lang='lat' dir='ltr'>ponde·</span> <span class='ocrx_word' id='word_1_314' title='bbox 1132 3194 1157 3236; x_wconf 80' lang='lat' dir='ltr'>aa</span> 
     </span>
     <span class='ocr_line' id='line_1_37' title="bbox 129 3258 1121 3336; baseline -0.001 -17"><span class='ocrx_word' id='word_1_315' title='bbox 129 3263 180 3320; x_wconf 86' lang='lat' dir='ltr'>ris.</span> <span class='ocrx_word' id='word_1_316' title='bbox 211 3269 256 3320; x_wconf 91' lang='lat' dir='ltr'>est</span> <span class='ocrx_word' id='word_1_317' title='bbox 275 3269 386 3336; x_wconf 81' lang='lat' dir='ltr'>nutem,</span> <span class='ocrx_word' id='word_1_318' title='bbox 408 3268 439 3318; x_wconf 92' lang='lat' dir='ltr'>ut</span> <span class='ocrx_word' id='word_1_319' title='bbox 454 3278 492 3319; x_wconf 81' lang='lat' dir='ltr'>ar</span> <span class='ocrx_word' id='word_1_320' title='bbox 507 3261 621 3319; x_wconf 91' lang='lat' dir='ltr'>nomine</span> <span class='ocrx_word' id='word_1_321' title='bbox 639 3258 772 3335; x_wconf 90' lang='lat' dir='ltr'>intellegi</span> <span class='ocrx_word' id='word_1_322' title='bbox 788 3265 906 3336; x_wconf 87' lang='lat' dir='ltr'>potest,</span> <span class='ocrx_word' id='word_1_323' title='bbox 927 3261 1121 3322; x_wconf 80' lang='lat' dir='ltr'>fervescentis</span> 
     </span>
     <span class='ocr_line' id='line_1_38' title="bbox 129 3342 1123 3424; baseline 0 -22"><span class='ocrx_word' id='word_1_324' title='bbox 129 3352 159 3402; x_wconf 88' lang='lat' dir='ltr'>et</span> <span class='ocrx_word' id='word_1_325' title='bbox 174 3345 286 3403; x_wconf 91' lang='lat' dir='ltr'>futurae</span> <span class='ocrx_word' id='word_1_326' title='bbox 304 3345 439 3404; x_wconf 86' lang='lat' dir='ltr'>materiae</span> <span class='ocrx_word' id='word_1_327' title='bbox 455 3362 564 3422; x_wconf 92' lang='lat' dir='ltr'>spuma.</span> <span class='ocrx_word' id='word_1_328' title='bbox 592 3342 679 3402; x_wconf 91' lang='lat' dir='ltr'>distat</span> <span class='ocrx_word' id='word_1_329' title='bbox 694 3360 710 3402; x_wconf 94' lang='lat' dir='ltr'>a</span> <span class='ocrx_word' id='word_1_330' title='bbox 725 3343 820 3400; x_wconf 91' lang='lat' dir='ltr'>scoria</span> <span class='ocrx_word' id='word_1_331' title='bbox 835 3358 892 3418; x_wconf 94' lang='lat' dir='ltr'>quo</span> <span class='ocrx_word' id='word_1_332' title='bbox 911 3351 1011 3421; x_wconf 91' lang='lat' dir='ltr'>potest</span> <span class='ocrx_word' id='word_1_333' title='bbox 1025 3361 1123 3424; x_wconf 90' lang='lat' dir='ltr'>spuma</span> 
     </span>
     <span class='ocr_line' id='line_1_39' title="bbox 132 3425 1124 3506; baseline 0.003 -22"><span class='ocrx_word' id='word_1_334' title='bbox 132 3445 147 3484; x_wconf 94' lang='lat' dir='ltr'>a</span> <span class='ocrx_word' id='word_1_335' title='bbox 163 3428 245 3486; x_wconf 89' lang='lat' dir='ltr'>faece</span> <span class='ocrx_word' id='word_1_336' title='bbox 261 3428 385 3504; x_wconf 88' lang='lat' dir='ltr'>distare,</span> <span class='ocrx_word' id='word_1_337' title='bbox 401 3427 521 3486; x_wconf 92' lang='lat' dir='ltr'>alterum</span> <span class='ocrx_word' id='word_1_338' title='bbox 536 3427 685 3506; x_wconf 86' lang='lat' dir='ltr'>purgantis</span> <span class='ocrx_word' id='word_1_339' title='bbox 701 3443 734 3485; x_wconf 89' lang='lat' dir='ltr'>se</span> <span class='ocrx_word' id='word_1_340' title='bbox 752 3425 907 3501; x_wconf 86' lang='lat' dir='ltr'>materiae,</span> <span class='ocrx_word' id='word_1_341' title='bbox 921 3425 1042 3487; x_wconf 91' lang='lat' dir='ltr'>alterum</span> <span class='ocrx_word' id='word_1_342' title='bbox 1058 3445 1124 3506; x_wconf 90' lang='lat' dir='ltr'>pur·</span> 
     </span>
    </p>
   </div>
   <div class='ocr_carea' id='block_1_4' title="bbox 0 0 1195 3840">
    <p class='ocr_par' dir='ltr' id='par_1_4' title="bbox 0 0 1195 3840">
     <span class='ocr_line' id='line_1_40' title="bbox 0 0 1195 3840; baseline 0 0"><span class='ocrx_word' id='word_1_343' title='bbox 0 0 1195 3840; x_wconf 95' lang='lat' dir='ltr'> </span> 
     </span>
    </p>
   </div>
  </div>
 </body>
</html>
